[
{"time_stamp":"2018-07-01 16:06:30.823444","symbol":"VOLCAB","business_class":"OrderCancelResp","confirmation_type":"Booked","side":"Sell","volume":"100","price":"13.080000","market_order_id":"2MJQV_2","market_id":"TSX","broker_id":"79"},
{"time_stamp":"2018-07-01 16:06:30.839044","symbol":"ALICOR","business_class":"OrderCancelResp","confirmation_type":"Booked","side":"Buy","volume":"225","price":"11.430000","market_order_id":"2MJQV_3","market_id":"TSX","broker_id":"79"},
{"time_stamp":"2018-07-01 16:06:30.839044","symbol":"VOLCAB","business_class":"OrderCancelResp","confirmation_type":"PriceAssigned","side":"Sell","volume":"408","price":"13.430000","market_order_id":"2MJQV_2","market_id":"TSX","broker_id":"79"},
{"time_stamp":"2018-07-01 16:06:30.839044","symbol":"MRIO","business_class":"OrderCancelResp","confirmation_type":"Booked","side":"Sell","volume":"203","price":"13.990000","market_order_id":"2MJQV_4","market_id":"TSX","broker_id":"79"},
{"time_stamp":"2018-07-01 16:06:30.839044","symbol":"MRIO","business_class":"OrderCancelResp","confirmation_type":"PriceAssigned","side":"Sell","volume":"459","price":"14.210000","market_order_id":"2MJQV_4","market_id":"TSX","broker_id":"79"},
{"time_stamp":"2018-07-01 16:06:30.839044","symbol":"MRIO","business_class":"OrderCancelResp","confirmation_type":"Canceled","side":"Sell","volume":"459","price":"14.210000","market_order_id":"2MJQV_4","market_id":"TSX","broker_id":"79"},
{"time_stamp":"2018-07-01 16:06:30.839044","symbol":"BAP","business_class":"OrderCancelResp","confirmation_type":"Booked","side":"Sell","volume":"125","price":"13.890000","market_order_id":"2MJQV_5","market_id":"TSX","broker_id":"79"},
{"time_stamp":"2018-07-01 16:06:30.839044","symbol":"ABX","business_class":"OrderCancelResp","confirmation_type":"Booked","side":"Sell","volume":"130","price":"13.580000","market_order_id":"2MJQV_6","market_id":"TSX","broker_id":"79"},
{"time_stamp":"2018-07-01 16:06:30.839044","symbol":"ABX","business_class":"OrderCancelResp","confirmation_type":"Booked","side":"Sell","volume":"147","price":"13.810000","market_order_id":"2MJQV_7","market_id":"TSX","broker_id":"79"},
{"time_stamp":"2018-07-01 16:06:30.839044","symbol":"BAP","business_class":"OrderCancelResp","confirmation_type":"Booked","side":"Sell","volume":"203","price":"13.070000","market_order_id":"2MJQV_8","market_id":"TSX","broker_id":"79"},
{"time_stamp":"2018-07-01 16:06:30.839044","symbol":"MRIO","business_class":"OrderCancelResp","confirmation_type":"Booked","side":"Sell","volume":"214","price":"13.240000","market_order_id":"2MJQV_9","market_id":"TSX","broker_id":"79"},
{"time_stamp":"2018-07-01 16:06:30.839044","symbol":"VOLCAB","business_class":"OrderCancelResp","confirmation_type":"Canceled","side":"Sell","volume":"408","price":"13.430000","market_order_id":"2MJQV_2","market_id":"TSX","broker_id":"79"},
{"time_stamp":"2018-07-01 16:06:30.839044","symbol":"ALICOR","business_class":"OrderCancelResp","confirmation_type":"Booked","side":"Buy","volume":"155","price":"9.940000","market_order_id":"2MJQV_10","market_id":"TSX","broker_id":"79"},
{"time_stamp":"2018-07-01 16:06:30.839044","symbol":"VOLCAB","business_class":"OrderCancelResp","confirmation_type":"Booked","side":"Sell","volume":"201","price":"13.080000","market_order_id":"2MJQV_11","market_id":"TSX","broker_id":"79"},
{"time_stamp":"2018-07-01 16:06:30.839044","symbol":"MRIO","business_class":"OrderCancelResp","confirmation_type":"Canceled","side":"Sell","volume":"214","price":"13.240000","market_order_id":"2MJQV_9","market_id":"TSX","broker_id":"79"},
{"time_stamp":"2018-07-01 16:06:30.839044","symbol":"ABX","business_class":"OrderCancelResp","confirmation_type":"Canceled","side":"Sell","volume":"147","price":"13.810000","market_order_id":"2MJQV_7","market_id":"TSX","broker_id":"79"},
{"time_stamp":"2018-07-01 16:06:30.839044","symbol":"VOLCAB","business_class":"OrderCancelResp","confirmation_type":"Booked","side":"Sell","volume":"154","price":"14.800000","market_order_id":"2MJQV_12","market_id":"TSX","broker_id":"79"},
{"time_stamp":"2018-07-01 16:06:30.839044","symbol":"ALICOR","business_class":"OrderCancelResp","confirmation_type":"PriceAssigned","side":"Buy","volume":"545","price":"10.030000","market_order_id":"2MJQV_10","market_id":"TSX","broker_id":"79"},
{"time_stamp":"2018-07-01 16:06:30.839044","symbol":"VOLCAB","business_class":"OrderCancelResp","confirmation_type":"PriceAssigned","side":"Sell","volume":"361","price":"14.900000","market_order_id":"2MJQV_11","market_id":"TSX","broker_id":"79"},
{"time_stamp":"2018-07-01 16:06:30.839044","symbol":"ABX","business_class":"OrderCancelResp","confirmation_type":"PriceAssigned","side":"Sell","volume":"328","price":"14.770000","market_order_id":"2MJQV_6","market_id":"TSX","broker_id":"79"},
{"time_stamp":"2018-07-01 16:06:30.839044","symbol":"ABX","business_class":"OrderCancelResp","confirmation_type":"Booked","side":"Buy","volume":"289","price":"10.270000","market_order_id":"2MJQV_13","market_id":"TSX","broker_id":"79"},
{"time_stamp":"2018-07-01 16:06:30.839044","symbol":"MRIO","business_class":"OrderCancelResp","confirmation_type":"Booked","side":"Buy","volume":"256","price":"8.870000","market_order_id":"2MJQV_14","market_id":"TSX","broker_id":"79"},
{"time_stamp":"2018-07-01 16:06:30.839044","symbol":"BAP","business_class":"OrderCancelResp","confirmation_type":"PriceAssigned","side":"Sell","volume":"379","price":"14.570000","market_order_id":"2MJQV_5","market_id":"TSX","broker_id":"79"},
{"time_stamp":"2018-07-01 16:06:30.839044","symbol":"ABX","business_class":"OrderCancelResp","confirmation_type":"Booked","side":"Buy","volume":"255","price":"9.410000","market_order_id":"2MJQV_15","market_id":"TSX","broker_id":"79"},
{"time_stamp":"2018-07-01 16:06:30.839044","symbol":"BAP","business_class":"OrderCancelResp","confirmation_type":"Canceled","side":"Sell","volume":"379","price":"14.570000","market_order_id":"2MJQV_5","market_id":"TSX","broker_id":"79"},
{"time_stamp":"2018-07-01 16:06:30.839044","symbol":"VOLCAB","business_class":"OrderCancelResp","confirmation_type":"Canceled","side":"Sell","volume":"154","price":"14.800000","market_order_id":"2MJQV_12","market_id":"TSX","broker_id":"79"},
{"time_stamp":"2018-07-01 16:06:30.839044","symbol":"MRIO","business_class":"OrderCancelResp","confirmation_type":"Booked","side":"Sell","volume":"103","price":"14.830000","market_order_id":"2MJQV_16","market_id":"TSX","broker_id":"79"},
{"time_stamp":"2018-07-01 16:06:30.839044","symbol":"MRIO","business_class":"OrderCancelResp","confirmation_type":"Canceled","side":"Buy","volume":"256","price":"8.870000","market_order_id":"2MJQV_14","market_id":"TSX","broker_id":"79"},
{"time_stamp":"2018-07-01 16:06:30.839044","symbol":"VOLCAB","business_class":"OrderCancelResp","confirmation_type":"PriceAssigned","side":"Sell","volume":"572","price":"14.160000","market_order_id":"2MJQV_11","market_id":"TSX","broker_id":"79"},
{"time_stamp":"2018-07-01 16:06:30.839044","symbol":"BAP","business_class":"OrderCancelResp","confirmation_type":"PriceAssigned","side":"Sell","volume":"405","price":"13.120000","market_order_id":"2MJQV_8","market_id":"TSX","broker_id":"79"},
{"time_stamp":"2018-07-01 16:06:30.839044","symbol":"MRIO","business_class":"OrderCancelResp","confirmation_type":"PriceAssigned","side":"Sell","volume":"597","price":"13.070000","market_order_id":"2MJQV_16","market_id":"TSX","broker_id":"79"},
{"time_stamp":"2018-07-01 16:06:30.839044","symbol":"VOLCAB","business_class":"OrderCancelResp","confirmation_type":"PriceAssigned","side":"Sell","volume":"542","price":"14.630000","market_order_id":"2MJQV_11","market_id":"TSX","broker_id":"79"},
{"time_stamp":"2018-07-01 16:06:30.839044","symbol":"ALICOR","business_class":"OrderCancelResp","confirmation_type":"Booked","side":"Sell","volume":"176","price":"13.340000","market_order_id":"2MJQV_17","market_id":"TSX","broker_id":"79"},
{"time_stamp":"2018-07-01 16:06:30.839044","symbol":"VOLCAB","business_class":"OrderCancelResp","confirmation_type":"PriceAssigned","side":"Sell","volume":"449","price":"14.700000","market_order_id":"2MJQV_11","market_id":"TSX","broker_id":"79"},
{"time_stamp":"2018-07-01 16:06:30.839044","symbol":"MRIO","business_class":"OrderCancelResp","confirmation_type":"Booked","side":"Sell","volume":"285","price":"14.500000","market_order_id":"2MJQV_18","market_id":"TSX","broker_id":"79"},
{"time_stamp":"2018-07-01 16:06:30.839044","symbol":"BAP","business_class":"OrderCancelResp","confirmation_type":"Canceled","side":"Sell","volume":"405","price":"13.120000","market_order_id":"2MJQV_8","market_id":"TSX","broker_id":"79"},
{"time_stamp":"2018-07-01 16:06:30.839044","symbol":"BAP","business_class":"OrderCancelResp","confirmation_type":"Booked","side":"Buy","volume":"248","price":"9.130000","market_order_id":"2MJQV_19","market_id":"TSX","broker_id":"79"},
{"time_stamp":"2018-07-01 16:06:30.839044","symbol":"VOLCAB","business_class":"OrderCancelResp","confirmation_type":"Booked","side":"Sell","volume":"279","price":"13.450000","market_order_id":"2MJQV_20","market_id":"TSX","broker_id":"79"},
{"time_stamp":"2018-07-01 16:06:30.839044","symbol":"ALICOR","business_class":"OrderCancelResp","confirmation_type":"Booked","side":"Sell","volume":"129","price":"14.060000","market_order_id":"2MJQV_21","market_id":"TSX","broker_id":"79"},
{"time_stamp":"2018-07-01 16:06:30.839044","symbol":"ALICOR","business_class":"OrderCancelResp","confirmation_type":"Booked","side":"Sell","volume":"225","price":"13.410000","market_order_id":"2MJQV_22","market_id":"TSX","broker_id":"79"},
{"time_stamp":"2018-07-01 16:06:30.839044","symbol":"MRIO","business_class":"OrderCancelResp","confirmation_type":"Canceled","side":"Sell","volume":"597","price":"13.070000","market_order_id":"2MJQV_16","market_id":"TSX","broker_id":"79"},
{"time_stamp":"2018-07-01 16:06:30.839044","symbol":"VOLCAB","business_class":"OrderCancelResp","confirmation_type":"Canceled","side":"Sell","volume":"279","price":"13.450000","market_order_id":"2MJQV_20","market_id":"TSX","broker_id":"79"},
{"time_stamp":"2018-07-01 16:06:30.839044","symbol":"MRIO","business_class":"OrderCancelResp","confirmation_type":"PriceAssigned","side":"Sell","volume":"572","price":"14.700000","market_order_id":"2MJQV_18","market_id":"TSX","broker_id":"79"},
{"time_stamp":"2018-07-01 16:06:30.839044","symbol":"ABX","business_class":"OrderCancelResp","confirmation_type":"Canceled","side":"Sell","volume":"328","price":"14.770000","market_order_id":"2MJQV_6","market_id":"TSX","broker_id":"79"},
{"time_stamp":"2018-07-01 16:06:30.839044","symbol":"ALICOR","business_class":"OrderCancelResp","confirmation_type":"Booked","side":"Sell","volume":"236","price":"13.760000","market_order_id":"2MJQV_23","market_id":"TSX","broker_id":"79"},
{"time_stamp":"2018-07-01 16:06:30.839044","symbol":"MRIO","business_class":"OrderCancelResp","confirmation_type":"PriceAssigned","side":"Sell","volume":"533","price":"14.520000","market_order_id":"2MJQV_18","market_id":"TSX","broker_id":"79"},
{"time_stamp":"2018-07-01 16:06:30.839044","symbol":"VOLCAB","business_class":"OrderCancelResp","confirmation_type":"Canceled","side":"Sell","volume":"449","price":"14.700000","market_order_id":"2MJQV_11","market_id":"TSX","broker_id":"79"},
{"time_stamp":"2018-07-01 16:06:30.839044","symbol":"BAP","business_class":"OrderCancelResp","confirmation_type":"Canceled","side":"Buy","volume":"248","price":"9.130000","market_order_id":"2MJQV_19","market_id":"TSX","broker_id":"79"},
{"time_stamp":"2018-07-01 16:06:30.839044","symbol":"MRIO","business_class":"OrderCancelResp","confirmation_type":"Booked","side":"Sell","volume":"264","price":"14.600000","market_order_id":"2MJQV_24","market_id":"TSX","broker_id":"79"},
{"time_stamp":"2018-07-01 16:06:30.839044","symbol":"VOLCAB","business_class":"OrderCancelResp","confirmation_type":"Booked","side":"Sell","volume":"290","price":"14.060000","market_order_id":"2MJQV_25","market_id":"TSX","broker_id":"79"},
{"time_stamp":"2018-07-01 16:06:30.839044","symbol":"ABX","business_class":"OrderCancelResp","confirmation_type":"Booked","side":"Buy","volume":"285","price":"10.110000","market_order_id":"2MJQV_26","market_id":"TSX","broker_id":"79"},
{"time_stamp":"2018-07-01 16:06:30.839044","symbol":"MRIO","business_class":"OrderCancelResp","confirmation_type":"PriceAssigned","side":"Sell","volume":"579","price":"14.540000","market_order_id":"2MJQV_18","market_id":"TSX","broker_id":"79"},
{"time_stamp":"2018-07-01 16:06:30.839044","symbol":"ABX","business_class":"OrderCancelResp","confirmation_type":"PriceAssigned","side":"Buy","volume":"552","price":"9.420000","market_order_id":"2MJQV_15","market_id":"TSX","broker_id":"79"},
{"time_stamp":"2018-07-01 16:06:30.839044","symbol":"VOLCAB","business_class":"OrderCancelResp","confirmation_type":"Booked","side":"Sell","volume":"261","price":"13.110000","market_order_id":"2MJQV_27","market_id":"TSX","broker_id":"79"},
{"time_stamp":"2018-07-01 16:06:30.839044","symbol":"VOLCAB","business_class":"OrderCancelResp","confirmation_type":"Booked","side":"Buy","volume":"155","price":"8.060000","market_order_id":"2MJQV_28","market_id":"TSX","broker_id":"79"},
{"time_stamp":"2018-07-01 16:06:30.839044","symbol":"ABX","business_class":"OrderCancelResp","confirmation_type":"PriceAssigned","side":"Buy","volume":"388","price":"11.560000","market_order_id":"2MJQV_13","market_id":"TSX","broker_id":"79"},
{"time_stamp":"2018-07-01 16:06:30.839044","symbol":"ALICOR","business_class":"OrderCancelResp","confirmation_type":"PriceAssigned","side":"Sell","volume":"483","price":"13.350000","market_order_id":"2MJQV_23","market_id":"TSX","broker_id":"79"},
{"time_stamp":"2018-07-01 16:06:30.839044","symbol":"ALICOR","business_class":"OrderCancelResp","confirmation_type":"PriceAssigned","side":"Buy","volume":"553","price":"10.980000","market_order_id":"2MJQV_10","market_id":"TSX","broker_id":"79"},
{"time_stamp":"2018-07-01 16:06:30.839044","symbol":"ABX","business_class":"OrderCancelResp","confirmation_type":"PriceAssigned","side":"Buy","volume":"510","price":"9.880000","market_order_id":"2MJQV_13","market_id":"TSX","broker_id":"79"},
{"time_stamp":"2018-07-01 16:06:30.839044","symbol":"MRIO","business_class":"OrderCancelResp","confirmation_type":"Booked","side":"Sell","volume":"174","price":"13.210000","market_order_id":"2MJQV_29","market_id":"TSX","broker_id":"79"},
{"time_stamp":"2018-07-01 16:06:30.839044","symbol":"ABX","business_class":"OrderCancelResp","confirmation_type":"PriceAssigned","side":"Buy","volume":"410","price":"8.600000","market_order_id":"2MJQV_26","market_id":"TSX","broker_id":"79"},
{"time_stamp":"2018-07-01 16:06:30.839044","symbol":"BAP","business_class":"OrderCancelResp","confirmation_type":"Booked","side":"Buy","volume":"217","price":"8.750000","market_order_id":"2MJQV_30","market_id":"TSX","broker_id":"79"},
{"time_stamp":"2018-07-01 16:06:30.839044","symbol":"ABX","business_class":"OrderCancelResp","confirmation_type":"PriceAssigned","side":"Buy","volume":"380","price":"11.270000","market_order_id":"2MJQV_26","market_id":"TSX","broker_id":"79"},
{"time_stamp":"2018-07-01 16:06:30.839044","symbol":"ALICOR","business_class":"OrderCancelResp","confirmation_type":"PriceAssigned","side":"Sell","volume":"568","price":"13.190000","market_order_id":"2MJQV_21","market_id":"TSX","broker_id":"79"},
{"time_stamp":"2018-07-01 16:06:30.839044","symbol":"VOLCAB","business_class":"OrderCancelResp","confirmation_type":"PriceAssigned","side":"Sell","volume":"374","price":"14.120000","market_order_id":"2MJQV_27","market_id":"TSX","broker_id":"79"},
{"time_stamp":"2018-07-01 16:06:30.839044","symbol":"MRIO","business_class":"OrderCancelResp","confirmation_type":"Canceled","side":"Sell","volume":"174","price":"13.210000","market_order_id":"2MJQV_29","market_id":"TSX","broker_id":"79"},
{"time_stamp":"2018-07-01 16:06:30.839044","symbol":"BAP","business_class":"OrderCancelResp","confirmation_type":"PriceAssigned","side":"Buy","volume":"420","price":"11.750000","market_order_id":"2MJQV_30","market_id":"TSX","broker_id":"79"},
{"time_stamp":"2018-07-01 16:06:30.839044","symbol":"ABX","business_class":"OrderCancelResp","confirmation_type":"Canceled","side":"Buy","volume":"380","price":"11.270000","market_order_id":"2MJQV_26","market_id":"TSX","broker_id":"79"},
{"time_stamp":"2018-07-01 16:06:30.839044","symbol":"MRIO","business_class":"OrderCancelResp","confirmation_type":"PriceAssigned","side":"Sell","volume":"397","price":"14.730000","market_order_id":"2MJQV_24","market_id":"TSX","broker_id":"79"},
{"time_stamp":"2018-07-01 16:06:30.839044","symbol":"BAP","business_class":"OrderCancelResp","confirmation_type":"Canceled","side":"Buy","volume":"420","price":"11.750000","market_order_id":"2MJQV_30","market_id":"TSX","broker_id":"79"},
{"time_stamp":"2018-07-01 16:06:30.839044","symbol":"ABX","business_class":"OrderCancelResp","confirmation_type":"Canceled","side":"Buy","volume":"552","price":"9.420000","market_order_id":"2MJQV_15","market_id":"TSX","broker_id":"79"},
{"time_stamp":"2018-07-01 16:06:30.839044","symbol":"ALICOR","business_class":"OrderCancelResp","confirmation_type":"PriceAssigned","side":"Sell","volume":"545","price":"14.770000","market_order_id":"2MJQV_21","market_id":"TSX","broker_id":"79"},
{"time_stamp":"2018-07-01 16:06:30.839044","symbol":"ABX","business_class":"OrderCancelResp","confirmation_type":"PriceAssigned","side":"Buy","volume":"448","price":"9.280000","market_order_id":"2MJQV_13","market_id":"TSX","broker_id":"79"},
{"time_stamp":"2018-07-01 16:06:30.839044","symbol":"MRIO","business_class":"OrderCancelResp","confirmation_type":"Canceled","side":"Sell","volume":"397","price":"14.730000","market_order_id":"2MJQV_24","market_id":"TSX","broker_id":"79"},
{"time_stamp":"2018-07-01 16:06:30.839044","symbol":"MRIO","business_class":"OrderCancelResp","confirmation_type":"Booked","side":"Buy","volume":"112","price":"11.480000","market_order_id":"2MJQV_31","market_id":"TSX","broker_id":"79"},
{"time_stamp":"2018-07-01 16:06:30.839044","symbol":"ALICOR","business_class":"OrderCancelResp","confirmation_type":"Canceled","side":"Sell","volume":"176","price":"13.340000","market_order_id":"2MJQV_17","market_id":"TSX","broker_id":"79"},
{"time_stamp":"2018-07-01 16:06:30.839044","symbol":"ABX","business_class":"OrderCancelResp","confirmation_type":"Booked","side":"Buy","volume":"267","price":"9.920000","market_order_id":"2MJQV_32","market_id":"TSX","broker_id":"79"},
{"time_stamp":"2018-07-01 16:06:30.839044","symbol":"ABX","business_class":"OrderCancelResp","confirmation_type":"PriceAssigned","side":"Buy","volume":"532","price":"11.990000","market_order_id":"2MJQV_13","market_id":"TSX","broker_id":"79"},
{"time_stamp":"2018-07-01 16:06:30.839044","symbol":"MRIO","business_class":"OrderCancelResp","confirmation_type":"Canceled","side":"Buy","volume":"112","price":"11.480000","market_order_id":"2MJQV_31","market_id":"TSX","broker_id":"79"},
{"time_stamp":"2018-07-01 16:06:30.839044","symbol":"MRIO","business_class":"OrderCancelResp","confirmation_type":"Canceled","side":"Sell","volume":"579","price":"14.540000","market_order_id":"2MJQV_18","market_id":"TSX","broker_id":"79"},
{"time_stamp":"2018-07-01 16:06:30.839044","symbol":"ALICOR","business_class":"OrderCancelResp","confirmation_type":"Booked","side":"Sell","volume":"251","price":"13.600000","market_order_id":"2MJQV_33","market_id":"TSX","broker_id":"79"},
{"time_stamp":"2018-07-01 16:06:30.839044","symbol":"BAP","business_class":"OrderCancelResp","confirmation_type":"Booked","side":"Sell","volume":"177","price":"13.250000","market_order_id":"2MJQV_34","market_id":"TSX","broker_id":"79"},
{"time_stamp":"2018-07-01 16:06:30.839044","symbol":"VOLCAB","business_class":"OrderCancelResp","confirmation_type":"Canceled","side":"Sell","volume":"290","price":"14.060000","market_order_id":"2MJQV_25","market_id":"TSX","broker_id":"79"},
{"time_stamp":"2018-07-01 16:06:30.839044","symbol":"MRIO","business_class":"OrderCancelResp","confirmation_type":"Booked","side":"Sell","volume":"291","price":"13.820000","market_order_id":"2MJQV_35","market_id":"TSX","broker_id":"79"},
{"time_stamp":"2018-07-01 16:06:30.839044","symbol":"VOLCAB","business_class":"OrderCancelResp","confirmation_type":"Booked","side":"Sell","volume":"141","price":"14.130000","market_order_id":"2MJQV_36","market_id":"TSX","broker_id":"79"},
{"time_stamp":"2018-07-01 16:06:30.839044","symbol":"BAP","business_class":"OrderCancelResp","confirmation_type":"Booked","side":"Buy","volume":"287","price":"11.580000","market_order_id":"2MJQV_37","market_id":"TSX","broker_id":"79"},
{"time_stamp":"2018-07-01 16:06:30.839044","symbol":"VOLCAB","business_class":"OrderCancelResp","confirmation_type":"Booked","side":"Sell","volume":"248","price":"14.020000","market_order_id":"2MJQV_38","market_id":"TSX","broker_id":"79"},
{"time_stamp":"2018-07-01 16:06:30.839044","symbol":"ABX","business_class":"OrderCancelResp","confirmation_type":"PriceAssigned","side":"Buy","volume":"392","price":"9.030000","market_order_id":"2MJQV_32","market_id":"TSX","broker_id":"79"},
{"time_stamp":"2018-07-01 16:06:30.839044","symbol":"ALICOR","business_class":"OrderCancelResp","confirmation_type":"Booked","side":"Sell","volume":"244","price":"13.320000","market_order_id":"2MJQV_39","market_id":"TSX","broker_id":"79"},
{"time_stamp":"2018-07-01 16:06:30.839044","symbol":"MRIO","business_class":"OrderCancelResp","confirmation_type":"Booked","side":"Sell","volume":"103","price":"13.450000","market_order_id":"2MJQV_40","market_id":"TSX","broker_id":"79"},
{"time_stamp":"2018-07-01 16:06:30.839044","symbol":"MRIO","business_class":"OrderCancelResp","confirmation_type":"Canceled","side":"Sell","volume":"103","price":"13.450000","market_order_id":"2MJQV_40","market_id":"TSX","broker_id":"79"},
{"time_stamp":"2018-07-01 16:06:30.839044","symbol":"ALICOR","business_class":"OrderCancelResp","confirmation_type":"Canceled","side":"Sell","volume":"225","price":"13.410000","market_order_id":"2MJQV_22","market_id":"TSX","broker_id":"79"},
{"time_stamp":"2018-07-01 16:06:30.839044","symbol":"BAP","business_class":"OrderCancelResp","confirmation_type":"Canceled","side":"Buy","volume":"287","price":"11.580000","market_order_id":"2MJQV_37","market_id":"TSX","broker_id":"79"},
{"time_stamp":"2018-07-01 16:06:30.839044","symbol":"MRIO","business_class":"OrderCancelResp","confirmation_type":"Canceled","side":"Sell","volume":"291","price":"13.820000","market_order_id":"2MJQV_35","market_id":"TSX","broker_id":"79"},
{"time_stamp":"2018-07-01 16:06:30.839044","symbol":"MRIO","business_class":"OrderCancelResp","confirmation_type":"Booked","side":"Sell","volume":"233","price":"13.040000","market_order_id":"2MJQV_41","market_id":"TSX","broker_id":"79"},
{"time_stamp":"2018-07-01 16:06:30.839044","symbol":"ABX","business_class":"OrderCancelResp","confirmation_type":"Canceled","side":"Buy","volume":"532","price":"11.990000","market_order_id":"2MJQV_13","market_id":"TSX","broker_id":"79"},
{"time_stamp":"2018-07-01 16:06:30.839044","symbol":"ABX","business_class":"OrderCancelResp","confirmation_type":"PriceAssigned","side":"Buy","volume":"563","price":"9.840000","market_order_id":"2MJQV_32","market_id":"TSX","broker_id":"79"},
{"time_stamp":"2018-07-01 16:06:30.839044","symbol":"VOLCAB","business_class":"OrderCancelResp","confirmation_type":"Booked","side":"Sell","volume":"158","price":"13.300000","market_order_id":"2MJQV_42","market_id":"TSX","broker_id":"79"},
{"time_stamp":"2018-07-01 16:06:30.839044","symbol":"ALICOR","business_class":"OrderCancelResp","confirmation_type":"Canceled","side":"Buy","volume":"553","price":"10.980000","market_order_id":"2MJQV_10","market_id":"TSX","broker_id":"79"},
{"time_stamp":"2018-07-01 16:06:30.839044","symbol":"BAP","business_class":"OrderCancelResp","confirmation_type":"Booked","side":"Sell","volume":"212","price":"14.000000","market_order_id":"2MJQV_43","market_id":"TSX","broker_id":"79"},
{"time_stamp":"2018-07-01 16:06:30.839044","symbol":"BAP","business_class":"OrderCancelResp","confirmation_type":"Canceled","side":"Sell","volume":"177","price":"13.250000","market_order_id":"2MJQV_34","market_id":"TSX","broker_id":"79"},
{"time_stamp":"2018-07-01 16:06:30.839044","symbol":"VOLCAB","business_class":"OrderCancelResp","confirmation_type":"PriceAssigned","side":"Sell","volume":"525","price":"14.110000","market_order_id":"2MJQV_36","market_id":"TSX","broker_id":"79"},
{"time_stamp":"2018-07-01 16:06:30.839044","symbol":"MRIO","business_class":"OrderCancelResp","confirmation_type":"Canceled","side":"Sell","volume":"233","price":"13.040000","market_order_id":"2MJQV_41","market_id":"TSX","broker_id":"79"},
{"time_stamp":"2018-07-01 16:06:30.839044","symbol":"ALICOR","business_class":"OrderCancelResp","confirmation_type":"Canceled","side":"Buy","volume":"225","price":"11.430000","market_order_id":"2MJQV_3","market_id":"TSX","broker_id":"79"},
{"time_stamp":"2018-07-01 16:06:30.839044","symbol":"ABX","business_class":"OrderCancelResp","confirmation_type":"Booked","side":"Sell","volume":"148","price":"13.240000","market_order_id":"2MJQV_44","market_id":"TSX","broker_id":"79"},
{"time_stamp":"2018-07-01 16:06:30.839044","symbol":"BAP","business_class":"OrderCancelResp","confirmation_type":"PriceAssigned","side":"Sell","volume":"348","price":"14.540000","market_order_id":"2MJQV_43","market_id":"TSX","broker_id":"79"},
{"time_stamp":"2018-07-01 16:06:30.839044","symbol":"MRIO","business_class":"OrderCancelResp","confirmation_type":"Booked","side":"Sell","volume":"105","price":"14.410000","market_order_id":"2MJQV_45","market_id":"TSX","broker_id":"79"},
{"time_stamp":"2018-07-01 16:06:30.839044","symbol":"BAP","business_class":"OrderCancelResp","confirmation_type":"Canceled","side":"Sell","volume":"348","price":"14.540000","market_order_id":"2MJQV_43","market_id":"TSX","broker_id":"79"},
{"time_stamp":"2018-07-01 16:06:30.839044","symbol":"BAP","business_class":"OrderCancelResp","confirmation_type":"Booked","side":"Sell","volume":"152","price":"14.680000","market_order_id":"2MJQV_46","market_id":"TSX","broker_id":"79"},
{"time_stamp":"2018-07-01 16:06:30.839044","symbol":"MRIO","business_class":"OrderCancelResp","confirmation_type":"Canceled","side":"Sell","volume":"105","price":"14.410000","market_order_id":"2MJQV_45","market_id":"TSX","broker_id":"79"},
{"time_stamp":"2018-07-01 16:06:30.839044","symbol":"MRIO","business_class":"OrderCancelResp","confirmation_type":"Booked","side":"Sell","volume":"204","price":"14.430000","market_order_id":"2MJQV_47","market_id":"TSX","broker_id":"79"},
{"time_stamp":"2018-07-01 16:06:30.839044","symbol":"MRIO","business_class":"OrderCancelResp","confirmation_type":"PriceAssigned","side":"Sell","volume":"597","price":"13.160000","market_order_id":"2MJQV_47","market_id":"TSX","broker_id":"79"},
{"time_stamp":"2018-07-01 16:06:30.839044","symbol":"ALICOR","business_class":"OrderCancelResp","confirmation_type":"Canceled","side":"Sell","volume":"251","price":"13.600000","market_order_id":"2MJQV_33","market_id":"TSX","broker_id":"79"},
{"time_stamp":"2018-07-01 16:06:30.839044","symbol":"MRIO","business_class":"OrderCancelResp","confirmation_type":"PriceAssigned","side":"Sell","volume":"454","price":"13.310000","market_order_id":"2MJQV_47","market_id":"TSX","broker_id":"79"},
{"time_stamp":"2018-07-01 16:06:30.839044","symbol":"ALICOR","business_class":"OrderCancelResp","confirmation_type":"PriceAssigned","side":"Sell","volume":"319","price":"13.120000","market_order_id":"2MJQV_23","market_id":"TSX","broker_id":"79"},
{"time_stamp":"2018-07-01 16:06:30.839044","symbol":"ABX","business_class":"OrderCancelResp","confirmation_type":"PriceAssigned","side":"Sell","volume":"585","price":"13.530000","market_order_id":"2MJQV_44","market_id":"TSX","broker_id":"79"},
{"time_stamp":"2018-07-01 16:06:30.839044","symbol":"BAP","business_class":"OrderCancelResp","confirmation_type":"Booked","side":"Sell","volume":"252","price":"14.970000","market_order_id":"2MJQV_48","market_id":"TSX","broker_id":"79"},
{"time_stamp":"2018-07-01 16:06:30.839044","symbol":"MRIO","business_class":"OrderCancelResp","confirmation_type":"PriceAssigned","side":"Sell","volume":"373","price":"13.290000","market_order_id":"2MJQV_47","market_id":"TSX","broker_id":"79"},
{"time_stamp":"2018-07-01 16:06:30.839044","symbol":"VOLCAB","business_class":"OrderCancelResp","confirmation_type":"Booked","side":"Sell","volume":"275","price":"14.520000","market_order_id":"2MJQV_49","market_id":"TSX","broker_id":"79"},
{"time_stamp":"2018-07-01 16:06:30.839044","symbol":"BAP","business_class":"OrderCancelResp","confirmation_type":"Booked","side":"Sell","volume":"300","price":"14.380000","market_order_id":"2MJQV_50","market_id":"TSX","broker_id":"79"},
{"time_stamp":"2018-07-01 16:06:30.839044","symbol":"ABX","business_class":"OrderCancelResp","confirmation_type":"Canceled","side":"Buy","volume":"563","price":"9.840000","market_order_id":"2MJQV_32","market_id":"TSX","broker_id":"79"},
{"time_stamp":"2018-07-01 16:06:30.839044","symbol":"ALICOR","business_class":"OrderCancelResp","confirmation_type":"PriceAssigned","side":"Sell","volume":"590","price":"14.090000","market_order_id":"2MJQV_39","market_id":"TSX","broker_id":"79"},
{"time_stamp":"2018-07-01 16:06:30.839044","symbol":"MRIO","business_class":"OrderCancelResp","confirmation_type":"PriceAssigned","side":"Sell","volume":"355","price":"14.950000","market_order_id":"2MJQV_47","market_id":"TSX","broker_id":"79"},
{"time_stamp":"2018-07-01 16:06:30.839044","symbol":"BAP","business_class":"OrderCancelResp","confirmation_type":"Booked","side":"Sell","volume":"214","price":"14.550000","market_order_id":"2MJQV_51","market_id":"TSX","broker_id":"79"},
{"time_stamp":"2018-07-01 16:06:30.839044","symbol":"VOLCAB","business_class":"OrderCancelResp","confirmation_type":"PriceAssigned","side":"Sell","volume":"397","price":"13.400000","market_order_id":"2MJQV_49","market_id":"TSX","broker_id":"79"},
{"time_stamp":"2018-07-01 16:06:30.839044","symbol":"ALICOR","business_class":"OrderCancelResp","confirmation_type":"PriceAssigned","side":"Sell","volume":"598","price":"13.720000","market_order_id":"2MJQV_23","market_id":"TSX","broker_id":"79"},
{"time_stamp":"2018-07-01 16:06:30.839044","symbol":"VOLCAB","business_class":"OrderCancelResp","confirmation_type":"Booked","side":"Sell","volume":"251","price":"14.660000","market_order_id":"2MJQV_52","market_id":"TSX","broker_id":"79"},
{"time_stamp":"2018-07-01 16:06:30.839044","symbol":"BAP","business_class":"OrderCancelResp","confirmation_type":"Booked","side":"Buy","volume":"241","price":"10.080000","market_order_id":"2MJQV_53","market_id":"TSX","broker_id":"79"},
{"time_stamp":"2018-07-01 16:06:30.839044","symbol":"BAP","business_class":"OrderCancelResp","confirmation_type":"Canceled","side":"Sell","volume":"152","price":"14.680000","market_order_id":"2MJQV_46","market_id":"TSX","broker_id":"79"},
{"time_stamp":"2018-07-01 16:06:30.839044","symbol":"VOLCAB","business_class":"OrderCancelResp","confirmation_type":"Booked","side":"Sell","volume":"107","price":"13.550000","market_order_id":"2MJQV_54","market_id":"TSX","broker_id":"79"},
{"time_stamp":"2018-07-01 16:06:30.839044","symbol":"MRIO","business_class":"OrderCancelResp","confirmation_type":"Booked","side":"Sell","volume":"180","price":"14.570000","market_order_id":"2MJQV_55","market_id":"TSX","broker_id":"79"},
{"time_stamp":"2018-07-01 16:06:30.839044","symbol":"MRIO","business_class":"OrderCancelResp","confirmation_type":"Booked","side":"Sell","volume":"124","price":"13.290000","market_order_id":"2MJQV_56","market_id":"TSX","broker_id":"79"},
{"time_stamp":"2018-07-01 16:06:30.839044","symbol":"ALICOR","business_class":"OrderCancelResp","confirmation_type":"Booked","side":"Buy","volume":"220","price":"10.200000","market_order_id":"2MJQV_57","market_id":"TSX","broker_id":"79"},
{"time_stamp":"2018-07-01 16:06:30.839044","symbol":"ALICOR","business_class":"OrderCancelResp","confirmation_type":"Booked","side":"Buy","volume":"238","price":"10.030000","market_order_id":"2MJQV_58","market_id":"TSX","broker_id":"79"},
{"time_stamp":"2018-07-01 16:06:30.839044","symbol":"ABX","business_class":"OrderCancelResp","confirmation_type":"Canceled","side":"Sell","volume":"585","price":"13.530000","market_order_id":"2MJQV_44","market_id":"TSX","broker_id":"79"},
{"time_stamp":"2018-07-01 16:06:30.839044","symbol":"BAP","business_class":"OrderCancelResp","confirmation_type":"PriceAssigned","side":"Sell","volume":"599","price":"13.510000","market_order_id":"2MJQV_51","market_id":"TSX","broker_id":"79"},
{"time_stamp":"2018-07-01 16:06:30.839044","symbol":"VOLCAB","business_class":"OrderCancelResp","confirmation_type":"PriceAssigned","side":"Buy","volume":"305","price":"9.670000","market_order_id":"2MJQV_28","market_id":"TSX","broker_id":"79"},
{"time_stamp":"2018-07-01 16:06:30.839044","symbol":"ALICOR","business_class":"OrderCancelResp","confirmation_type":"Canceled","side":"Buy","volume":"238","price":"10.030000","market_order_id":"2MJQV_58","market_id":"TSX","broker_id":"79"},
{"time_stamp":"2018-07-01 16:06:30.839044","symbol":"BAP","business_class":"OrderCancelResp","confirmation_type":"Canceled","side":"Buy","volume":"241","price":"10.080000","market_order_id":"2MJQV_53","market_id":"TSX","broker_id":"79"},
{"time_stamp":"2018-07-01 16:06:30.839044","symbol":"VOLCAB","business_class":"OrderCancelResp","confirmation_type":"Booked","side":"Buy","volume":"182","price":"9.140000","market_order_id":"2MJQV_59","market_id":"TSX","broker_id":"79"},
{"time_stamp":"2018-07-01 16:06:30.839044","symbol":"ABX","business_class":"OrderCancelResp","confirmation_type":"Booked","side":"Sell","volume":"271","price":"14.850000","market_order_id":"2MJQV_60","market_id":"TSX","broker_id":"79"},
{"time_stamp":"2018-07-01 16:06:30.839044","symbol":"VOLCAB","business_class":"OrderCancelResp","confirmation_type":"Booked","side":"Sell","volume":"138","price":"14.570000","market_order_id":"2MJQV_61","market_id":"TSX","broker_id":"79"},
{"time_stamp":"2018-07-01 16:06:30.839044","symbol":"VOLCAB","business_class":"OrderCancelResp","confirmation_type":"Booked","side":"Sell","volume":"189","price":"13.390000","market_order_id":"2MJQV_62","market_id":"TSX","broker_id":"79"},
{"time_stamp":"2018-07-01 16:06:30.839044","symbol":"VOLCAB","business_class":"OrderCancelResp","confirmation_type":"Canceled","side":"Sell","volume":"107","price":"13.550000","market_order_id":"2MJQV_54","market_id":"TSX","broker_id":"79"},
{"time_stamp":"2018-07-01 16:06:30.839044","symbol":"VOLCAB","business_class":"OrderCancelResp","confirmation_type":"Booked","side":"Sell","volume":"182","price":"13.050000","market_order_id":"2MJQV_63","market_id":"TSX","broker_id":"79"},
{"time_stamp":"2018-07-01 16:06:30.839044","symbol":"MRIO","business_class":"OrderCancelResp","confirmation_type":"Canceled","side":"Sell","volume":"124","price":"13.290000","market_order_id":"2MJQV_56","market_id":"TSX","broker_id":"79"},
{"time_stamp":"2018-07-01 16:06:30.839044","symbol":"VOLCAB","business_class":"OrderCancelResp","confirmation_type":"Canceled","side":"Buy","volume":"182","price":"9.140000","market_order_id":"2MJQV_59","market_id":"TSX","broker_id":"79"},
{"time_stamp":"2018-07-01 16:06:30.839044","symbol":"VOLCAB","business_class":"OrderCancelResp","confirmation_type":"Booked","side":"Buy","volume":"192","price":"9.410000","market_order_id":"2MJQV_64","market_id":"TSX","broker_id":"79"},
{"time_stamp":"2018-07-01 16:06:30.839044","symbol":"BAP","business_class":"OrderCancelResp","confirmation_type":"PriceAssigned","side":"Sell","volume":"366","price":"13.420000","market_order_id":"2MJQV_51","market_id":"TSX","broker_id":"79"},
{"time_stamp":"2018-07-01 16:06:30.839044","symbol":"BAP","business_class":"OrderCancelResp","confirmation_type":"Canceled","side":"Sell","volume":"252","price":"14.970000","market_order_id":"2MJQV_48","market_id":"TSX","broker_id":"79"},
{"time_stamp":"2018-07-01 16:06:30.839044","symbol":"VOLCAB","business_class":"OrderCancelResp","confirmation_type":"PriceAssigned","side":"Sell","volume":"419","price":"13.620000","market_order_id":"2MJQV_42","market_id":"TSX","broker_id":"79"},
{"time_stamp":"2018-07-01 16:06:30.839044","symbol":"ALICOR","business_class":"OrderCancelResp","confirmation_type":"PriceAssigned","side":"Sell","volume":"304","price":"14.620000","market_order_id":"2MJQV_39","market_id":"TSX","broker_id":"79"},
{"time_stamp":"2018-07-01 16:06:30.839044","symbol":"BAP","business_class":"OrderCancelResp","confirmation_type":"PriceAssigned","side":"Sell","volume":"541","price":"14.070000","market_order_id":"2MJQV_51","market_id":"TSX","broker_id":"79"},
{"time_stamp":"2018-07-01 16:06:30.839044","symbol":"VOLCAB","business_class":"OrderCancelResp","confirmation_type":"Booked","side":"Sell","volume":"161","price":"14.610000","market_order_id":"2MJQV_65","market_id":"TSX","broker_id":"79"},
{"time_stamp":"2018-07-01 16:06:30.839044","symbol":"ABX","business_class":"OrderCancelResp","confirmation_type":"PriceAssigned","side":"Sell","volume":"519","price":"13.080000","market_order_id":"2MJQV_60","market_id":"TSX","broker_id":"79"},
{"time_stamp":"2018-07-01 16:06:30.839044","symbol":"ALICOR","business_class":"OrderCancelResp","confirmation_type":"PriceAssigned","side":"Sell","volume":"511","price":"14.370000","market_order_id":"2MJQV_23","market_id":"TSX","broker_id":"79"},
{"time_stamp":"2018-07-01 16:06:30.839044","symbol":"ALICOR","business_class":"OrderCancelResp","confirmation_type":"Booked","side":"Sell","volume":"193","price":"14.370000","market_order_id":"2MJQV_66","market_id":"TSX","broker_id":"79"},
{"time_stamp":"2018-07-01 16:06:30.839044","symbol":"MRIO","business_class":"OrderCancelResp","confirmation_type":"PriceAssigned","side":"Sell","volume":"566","price":"13.310000","market_order_id":"2MJQV_47","market_id":"TSX","broker_id":"79"},
{"time_stamp":"2018-07-01 16:06:30.839044","symbol":"VOLCAB","business_class":"OrderCancelResp","confirmation_type":"PriceAssigned","side":"Sell","volume":"449","price":"13.520000","market_order_id":"2MJQV_63","market_id":"TSX","broker_id":"79"},
{"time_stamp":"2018-07-01 16:06:30.839044","symbol":"ABX","business_class":"OrderCancelResp","confirmation_type":"Booked","side":"Buy","volume":"118","price":"11.090000","market_order_id":"2MJQV_67","market_id":"TSX","broker_id":"79"},
{"time_stamp":"2018-07-01 16:06:30.839044","symbol":"VOLCAB","business_class":"OrderCancelResp","confirmation_type":"PriceAssigned","side":"Sell","volume":"546","price":"13.490000","market_order_id":"2MJQV_63","market_id":"TSX","broker_id":"79"},
{"time_stamp":"2018-07-01 16:06:30.839044","symbol":"ALICOR","business_class":"OrderCancelResp","confirmation_type":"Booked","side":"Sell","volume":"232","price":"13.500000","market_order_id":"2MJQV_68","market_id":"TSX","broker_id":"79"},
{"time_stamp":"2018-07-01 16:06:30.839044","symbol":"ABX","business_class":"OrderCancelResp","confirmation_type":"PriceAssigned","side":"Sell","volume":"583","price":"14.100000","market_order_id":"2MJQV_60","market_id":"TSX","broker_id":"79"},
{"time_stamp":"2018-07-01 16:06:30.839044","symbol":"ABX","business_class":"OrderCancelResp","confirmation_type":"PriceAssigned","side":"Buy","volume":"578","price":"11.710000","market_order_id":"2MJQV_67","market_id":"TSX","broker_id":"79"},
{"time_stamp":"2018-07-01 16:06:30.839044","symbol":"MRIO","business_class":"OrderCancelResp","confirmation_type":"Booked","side":"Sell","volume":"182","price":"14.150000","market_order_id":"2MJQV_69","market_id":"TSX","broker_id":"79"},
{"time_stamp":"2018-07-01 16:06:30.839044","symbol":"BAP","business_class":"OrderCancelResp","confirmation_type":"Canceled","side":"Sell","volume":"541","price":"14.070000","market_order_id":"2MJQV_51","market_id":"TSX","broker_id":"79"},
{"time_stamp":"2018-07-01 16:06:30.839044","symbol":"MRIO","business_class":"OrderCancelResp","confirmation_type":"PriceAssigned","side":"Sell","volume":"357","price":"13.480000","market_order_id":"2MJQV_55","market_id":"TSX","broker_id":"79"},
{"time_stamp":"2018-07-01 16:06:30.839044","symbol":"ALICOR","business_class":"OrderCancelResp","confirmation_type":"Canceled","side":"Sell","volume":"304","price":"14.620000","market_order_id":"2MJQV_39","market_id":"TSX","broker_id":"79"},
{"time_stamp":"2018-07-01 16:06:30.839044","symbol":"ABX","business_class":"OrderCancelResp","confirmation_type":"Booked","side":"Sell","volume":"206","price":"13.180000","market_order_id":"2MJQV_70","market_id":"TSX","broker_id":"79"},
{"time_stamp":"2018-07-01 16:06:30.839044","symbol":"ALICOR","business_class":"OrderCancelResp","confirmation_type":"PriceAssigned","side":"Sell","volume":"445","price":"14.510000","market_order_id":"2MJQV_23","market_id":"TSX","broker_id":"79"},
{"time_stamp":"2018-07-01 16:06:30.839044","symbol":"VOLCAB","business_class":"OrderCancelResp","confirmation_type":"Canceled","side":"Buy","volume":"192","price":"9.410000","market_order_id":"2MJQV_64","market_id":"TSX","broker_id":"79"},
{"time_stamp":"2018-07-01 16:06:30.839044","symbol":"VOLCAB","business_class":"OrderCancelResp","confirmation_type":"Booked","side":"Sell","volume":"291","price":"14.850000","market_order_id":"2MJQV_71","market_id":"TSX","broker_id":"79"},
{"time_stamp":"2018-07-01 16:06:30.839044","symbol":"BAP","business_class":"OrderCancelResp","confirmation_type":"Booked","side":"Sell","volume":"142","price":"13.260000","market_order_id":"2MJQV_72","market_id":"TSX","broker_id":"79"},
{"time_stamp":"2018-07-01 16:06:30.839044","symbol":"VOLCAB","business_class":"OrderCancelResp","confirmation_type":"Canceled","side":"Sell","volume":"291","price":"14.850000","market_order_id":"2MJQV_71","market_id":"TSX","broker_id":"79"},
{"time_stamp":"2018-07-01 16:06:30.839044","symbol":"BAP","business_class":"OrderCancelResp","confirmation_type":"PriceAssigned","side":"Sell","volume":"585","price":"13.600000","market_order_id":"2MJQV_50","market_id":"TSX","broker_id":"79"},
{"time_stamp":"2018-07-01 16:06:30.839044","symbol":"VOLCAB","business_class":"OrderCancelResp","confirmation_type":"PriceAssigned","side":"Sell","volume":"547","price":"13.830000","market_order_id":"2MJQV_62","market_id":"TSX","broker_id":"79"},
{"time_stamp":"2018-07-01 16:06:30.839044","symbol":"BAP","business_class":"OrderCancelResp","confirmation_type":"Canceled","side":"Sell","volume":"585","price":"13.600000","market_order_id":"2MJQV_50","market_id":"TSX","broker_id":"79"},
{"time_stamp":"2018-07-01 16:06:30.839044","symbol":"ABX","business_class":"OrderCancelResp","confirmation_type":"Canceled","side":"Buy","volume":"578","price":"11.710000","market_order_id":"2MJQV_67","market_id":"TSX","broker_id":"79"},
{"time_stamp":"2018-07-01 16:06:30.839044","symbol":"VOLCAB","business_class":"OrderCancelResp","confirmation_type":"PriceAssigned","side":"Sell","volume":"364","price":"14.570000","market_order_id":"2MJQV_63","market_id":"TSX","broker_id":"79"},
{"time_stamp":"2018-07-01 16:06:30.839044","symbol":"BAP","business_class":"OrderCancelResp","confirmation_type":"Booked","side":"Buy","volume":"207","price":"11.890000","market_order_id":"2MJQV_73","market_id":"TSX","broker_id":"79"},
{"time_stamp":"2018-07-01 16:06:30.839044","symbol":"VOLCAB","business_class":"OrderCancelResp","confirmation_type":"Canceled","side":"Sell","volume":"397","price":"13.400000","market_order_id":"2MJQV_49","market_id":"TSX","broker_id":"79"},
{"time_stamp":"2018-07-01 16:06:30.839044","symbol":"MRIO","business_class":"OrderCancelResp","confirmation_type":"Booked","side":"Sell","volume":"300","price":"15.000000","market_order_id":"2MJQV_74","market_id":"TSX","broker_id":"79"},
{"time_stamp":"2018-07-01 16:06:30.839044","symbol":"VOLCAB","business_class":"OrderCancelResp","confirmation_type":"Booked","side":"Sell","volume":"120","price":"14.470000","market_order_id":"2MJQV_75","market_id":"TSX","broker_id":"79"},
{"time_stamp":"2018-07-01 16:06:30.839044","symbol":"VOLCAB","business_class":"OrderCancelResp","confirmation_type":"Canceled","side":"Sell","volume":"138","price":"14.570000","market_order_id":"2MJQV_61","market_id":"TSX","broker_id":"79"},
{"time_stamp":"2018-07-01 16:06:30.839044","symbol":"ALICOR","business_class":"OrderCancelResp","confirmation_type":"PriceAssigned","side":"Sell","volume":"449","price":"14.940000","market_order_id":"2MJQV_23","market_id":"TSX","broker_id":"79"},
{"time_stamp":"2018-07-01 16:06:30.839044","symbol":"MRIO","business_class":"OrderCancelResp","confirmation_type":"Booked","side":"Buy","volume":"267","price":"11.840000","market_order_id":"2MJQV_76","market_id":"TSX","broker_id":"79"},
{"time_stamp":"2018-07-01 16:06:30.839044","symbol":"VOLCAB","business_class":"OrderCancelResp","confirmation_type":"PriceAssigned","side":"Sell","volume":"303","price":"14.460000","market_order_id":"2MJQV_42","market_id":"TSX","broker_id":"79"},
{"time_stamp":"2018-07-01 16:06:30.839044","symbol":"VOLCAB","business_class":"OrderCancelResp","confirmation_type":"PriceAssigned","side":"Sell","volume":"463","price":"14.520000","market_order_id":"2MJQV_36","market_id":"TSX","broker_id":"79"},
{"time_stamp":"2018-07-01 16:06:30.839044","symbol":"BAP","business_class":"OrderCancelResp","confirmation_type":"Booked","side":"Sell","volume":"235","price":"13.230000","market_order_id":"2MJQV_77","market_id":"TSX","broker_id":"79"},
{"time_stamp":"2018-07-01 16:06:30.839044","symbol":"VOLCAB","business_class":"OrderCancelResp","confirmation_type":"PriceAssigned","side":"Sell","volume":"598","price":"14.470000","market_order_id":"2MJQV_38","market_id":"TSX","broker_id":"79"},
{"time_stamp":"2018-07-01 16:06:30.839044","symbol":"VOLCAB","business_class":"OrderCancelResp","confirmation_type":"Canceled","side":"Sell","volume":"251","price":"14.660000","market_order_id":"2MJQV_52","market_id":"TSX","broker_id":"79"},
{"time_stamp":"2018-07-01 16:06:30.839044","symbol":"ALICOR","business_class":"OrderCancelResp","confirmation_type":"Booked","side":"Sell","volume":"129","price":"14.180000","market_order_id":"2MJQV_78","market_id":"TSX","broker_id":"79"},
{"time_stamp":"2018-07-01 16:06:30.839044","symbol":"MRIO","business_class":"OrderCancelResp","confirmation_type":"Canceled","side":"Buy","volume":"267","price":"11.840000","market_order_id":"2MJQV_76","market_id":"TSX","broker_id":"79"},
{"time_stamp":"2018-07-01 16:06:30.839044","symbol":"BAP","business_class":"OrderCancelResp","confirmation_type":"Booked","side":"Sell","volume":"277","price":"14.720000","market_order_id":"2MJQV_79","market_id":"TSX","broker_id":"79"},
{"time_stamp":"2018-07-01 16:06:30.839044","symbol":"MRIO","business_class":"OrderCancelResp","confirmation_type":"PriceAssigned","side":"Sell","volume":"463","price":"13.170000","market_order_id":"2MJQV_55","market_id":"TSX","broker_id":"79"},
{"time_stamp":"2018-07-01 16:06:30.839044","symbol":"BAP","business_class":"OrderCancelResp","confirmation_type":"PriceAssigned","side":"Sell","volume":"525","price":"13.840000","market_order_id":"2MJQV_77","market_id":"TSX","broker_id":"79"},
{"time_stamp":"2018-07-01 16:06:30.839044","symbol":"MRIO","business_class":"OrderCancelResp","confirmation_type":"Booked","side":"Buy","volume":"181","price":"8.340000","market_order_id":"2MJQV_80","market_id":"TSX","broker_id":"79"},
{"time_stamp":"2018-07-01 16:06:30.839044","symbol":"BAP","business_class":"OrderCancelResp","confirmation_type":"Booked","side":"Sell","volume":"296","price":"13.310000","market_order_id":"2MJQV_81","market_id":"TSX","broker_id":"79"},
{"time_stamp":"2018-07-01 16:06:30.839044","symbol":"ABX","business_class":"OrderCancelResp","confirmation_type":"Canceled","side":"Sell","volume":"206","price":"13.180000","market_order_id":"2MJQV_70","market_id":"TSX","broker_id":"79"},
{"time_stamp":"2018-07-01 16:06:30.839044","symbol":"VOLCAB","business_class":"OrderCancelResp","confirmation_type":"PriceAssigned","side":"Sell","volume":"315","price":"13.750000","market_order_id":"2MJQV_27","market_id":"TSX","broker_id":"79"},
{"time_stamp":"2018-07-01 16:06:30.839044","symbol":"ABX","business_class":"OrderCancelResp","confirmation_type":"PriceAssigned","side":"Sell","volume":"400","price":"13.110000","market_order_id":"2MJQV_60","market_id":"TSX","broker_id":"79"},
{"time_stamp":"2018-07-01 16:06:30.839044","symbol":"ABX","business_class":"OrderCancelResp","confirmation_type":"Booked","side":"Buy","volume":"217","price":"9.060000","market_order_id":"2MJQV_82","market_id":"TSX","broker_id":"79"},
{"time_stamp":"2018-07-01 16:06:30.839044","symbol":"ABX","business_class":"OrderCancelResp","confirmation_type":"PriceAssigned","side":"Sell","volume":"489","price":"14.660000","market_order_id":"2MJQV_60","market_id":"TSX","broker_id":"79"},
{"time_stamp":"2018-07-01 16:06:30.839044","symbol":"ALICOR","business_class":"OrderCancelResp","confirmation_type":"Booked","side":"Buy","volume":"235","price":"11.610000","market_order_id":"2MJQV_83","market_id":"TSX","broker_id":"79"},
{"time_stamp":"2018-07-01 16:06:30.839044","symbol":"ALICOR","business_class":"OrderCancelResp","confirmation_type":"Booked","side":"Buy","volume":"269","price":"8.670000","market_order_id":"2MJQV_84","market_id":"TSX","broker_id":"79"},
{"time_stamp":"2018-07-01 16:06:30.839044","symbol":"ABX","business_class":"OrderCancelResp","confirmation_type":"PriceAssigned","side":"Buy","volume":"439","price":"10.410000","market_order_id":"2MJQV_82","market_id":"TSX","broker_id":"79"},
{"time_stamp":"2018-07-01 16:06:30.839044","symbol":"MRIO","business_class":"OrderCancelResp","confirmation_type":"PriceAssigned","side":"Sell","volume":"446","price":"14.500000","market_order_id":"2MJQV_74","market_id":"TSX","broker_id":"79"},
{"time_stamp":"2018-07-01 16:06:30.839044","symbol":"MRIO","business_class":"OrderCancelResp","confirmation_type":"Canceled","side":"Sell","volume":"463","price":"13.170000","market_order_id":"2MJQV_55","market_id":"TSX","broker_id":"79"},
{"time_stamp":"2018-07-01 16:06:30.839044","symbol":"ALICOR","business_class":"OrderCancelResp","confirmation_type":"Booked","side":"Sell","volume":"132","price":"14.150000","market_order_id":"2MJQV_85","market_id":"TSX","broker_id":"79"},
{"time_stamp":"2018-07-01 16:06:30.839044","symbol":"VOLCAB","business_class":"OrderCancelResp","confirmation_type":"PriceAssigned","side":"Sell","volume":"527","price":"14.370000","market_order_id":"2MJQV_27","market_id":"TSX","broker_id":"79"},
{"time_stamp":"2018-07-01 16:06:30.839044","symbol":"BAP","business_class":"OrderCancelResp","confirmation_type":"Canceled","side":"Sell","volume":"296","price":"13.310000","market_order_id":"2MJQV_81","market_id":"TSX","broker_id":"79"},
{"time_stamp":"2018-07-01 16:06:30.839044","symbol":"ALICOR","business_class":"OrderCancelResp","confirmation_type":"PriceAssigned","side":"Sell","volume":"378","price":"13.080000","market_order_id":"2MJQV_23","market_id":"TSX","broker_id":"79"},
{"time_stamp":"2018-07-01 16:06:30.839044","symbol":"VOLCAB","business_class":"OrderCancelResp","confirmation_type":"PriceAssigned","side":"Sell","volume":"436","price":"13.690000","market_order_id":"2MJQV_42","market_id":"TSX","broker_id":"79"},
{"time_stamp":"2018-07-01 16:06:30.839044","symbol":"ABX","business_class":"OrderCancelResp","confirmation_type":"Booked","side":"Sell","volume":"188","price":"14.000000","market_order_id":"2MJQV_86","market_id":"TSX","broker_id":"79"},
{"time_stamp":"2018-07-01 16:06:30.839044","symbol":"MRIO","business_class":"OrderCancelResp","confirmation_type":"Booked","side":"Buy","volume":"147","price":"9.010000","market_order_id":"2MJQV_87","market_id":"TSX","broker_id":"79"},
{"time_stamp":"2018-07-01 16:06:30.839044","symbol":"ABX","business_class":"OrderCancelResp","confirmation_type":"Booked","side":"Buy","volume":"128","price":"8.570000","market_order_id":"2MJQV_88","market_id":"TSX","broker_id":"79"},
{"time_stamp":"2018-07-01 16:06:30.839044","symbol":"ALICOR","business_class":"OrderCancelResp","confirmation_type":"PriceAssigned","side":"Buy","volume":"546","price":"10.170000","market_order_id":"2MJQV_83","market_id":"TSX","broker_id":"79"},
{"time_stamp":"2018-07-01 16:06:30.839044","symbol":"VOLCAB","business_class":"OrderCancelResp","confirmation_type":"Booked","side":"Sell","volume":"163","price":"13.600000","market_order_id":"2MJQV_89","market_id":"TSX","broker_id":"79"},
{"time_stamp":"2018-07-01 16:06:30.839044","symbol":"ABX","business_class":"OrderCancelResp","confirmation_type":"Booked","side":"Sell","volume":"248","price":"13.320000","market_order_id":"2MJQV_90","market_id":"TSX","broker_id":"79"},
{"time_stamp":"2018-07-01 16:06:30.839044","symbol":"ABX","business_class":"OrderCancelResp","confirmation_type":"Canceled","side":"Sell","volume":"248","price":"13.320000","market_order_id":"2MJQV_90","market_id":"TSX","broker_id":"79"},
{"time_stamp":"2018-07-01 16:06:30.839044","symbol":"MRIO","business_class":"OrderCancelResp","confirmation_type":"PriceAssigned","side":"Sell","volume":"447","price":"13.340000","market_order_id":"2MJQV_47","market_id":"TSX","broker_id":"79"},
{"time_stamp":"2018-07-01 16:06:30.839044","symbol":"BAP","business_class":"OrderCancelResp","confirmation_type":"PriceAssigned","side":"Sell","volume":"329","price":"13.030000","market_order_id":"2MJQV_72","market_id":"TSX","broker_id":"79"},
{"time_stamp":"2018-07-01 16:06:30.839044","symbol":"BAP","business_class":"OrderCancelResp","confirmation_type":"PriceAssigned","side":"Sell","volume":"307","price":"14.820000","market_order_id":"2MJQV_77","market_id":"TSX","broker_id":"79"},
{"time_stamp":"2018-07-01 16:06:30.839044","symbol":"BAP","business_class":"OrderCancelResp","confirmation_type":"PriceAssigned","side":"Sell","volume":"329","price":"13.480000","market_order_id":"2MJQV_72","market_id":"TSX","broker_id":"79"},
{"time_stamp":"2018-07-01 16:06:30.839044","symbol":"MRIO","business_class":"OrderCancelResp","confirmation_type":"Booked","side":"Sell","volume":"126","price":"14.860000","market_order_id":"2MJQV_91","market_id":"TSX","broker_id":"79"},
{"time_stamp":"2018-07-01 16:06:30.839044","symbol":"ABX","business_class":"OrderCancelResp","confirmation_type":"Canceled","side":"Sell","volume":"188","price":"14.000000","market_order_id":"2MJQV_86","market_id":"TSX","broker_id":"79"},
{"time_stamp":"2018-07-01 16:06:30.839044","symbol":"ABX","business_class":"OrderCancelResp","confirmation_type":"PriceAssigned","side":"Buy","volume":"338","price":"8.810000","market_order_id":"2MJQV_82","market_id":"TSX","broker_id":"79"},
{"time_stamp":"2018-07-01 16:06:30.839044","symbol":"ABX","business_class":"OrderCancelResp","confirmation_type":"Canceled","side":"Sell","volume":"489","price":"14.660000","market_order_id":"2MJQV_60","market_id":"TSX","broker_id":"79"},
{"time_stamp":"2018-07-01 16:06:30.839044","symbol":"ALICOR","business_class":"OrderCancelResp","confirmation_type":"Booked","side":"Sell","volume":"295","price":"13.690000","market_order_id":"2MJQV_92","market_id":"TSX","broker_id":"79"},
{"time_stamp":"2018-07-01 16:06:30.839044","symbol":"ALICOR","business_class":"OrderCancelResp","confirmation_type":"Booked","side":"Sell","volume":"188","price":"13.600000","market_order_id":"2MJQV_93","market_id":"TSX","broker_id":"79"},
{"time_stamp":"2018-07-01 16:06:30.839044","symbol":"ALICOR","business_class":"OrderCancelResp","confirmation_type":"Canceled","side":"Sell","volume":"188","price":"13.600000","market_order_id":"2MJQV_93","market_id":"TSX","broker_id":"79"},
{"time_stamp":"2018-07-01 16:06:30.839044","symbol":"MRIO","business_class":"OrderCancelResp","confirmation_type":"Booked","side":"Sell","volume":"235","price":"14.700000","market_order_id":"2MJQV_94","market_id":"TSX","broker_id":"79"},
{"time_stamp":"2018-07-01 16:06:30.839044","symbol":"ABX","business_class":"OrderCancelResp","confirmation_type":"PriceAssigned","side":"Buy","volume":"545","price":"10.790000","market_order_id":"2MJQV_88","market_id":"TSX","broker_id":"79"},
{"time_stamp":"2018-07-01 16:06:30.839044","symbol":"ABX","business_class":"OrderCancelResp","confirmation_type":"Booked","side":"Buy","volume":"216","price":"10.590000","market_order_id":"2MJQV_95","market_id":"TSX","broker_id":"79"},
{"time_stamp":"2018-07-01 16:06:30.839044","symbol":"BAP","business_class":"OrderCancelResp","confirmation_type":"Canceled","side":"Sell","volume":"329","price":"13.480000","market_order_id":"2MJQV_72","market_id":"TSX","broker_id":"79"},
{"time_stamp":"2018-07-01 16:06:30.839044","symbol":"VOLCAB","business_class":"OrderCancelResp","confirmation_type":"Canceled","side":"Sell","volume":"598","price":"14.470000","market_order_id":"2MJQV_38","market_id":"TSX","broker_id":"79"},
{"time_stamp":"2018-07-01 16:06:30.839044","symbol":"MRIO","business_class":"OrderCancelResp","confirmation_type":"Booked","side":"Sell","volume":"294","price":"14.460000","market_order_id":"2MJQV_96","market_id":"TSX","broker_id":"79"},
{"time_stamp":"2018-07-01 16:06:30.839044","symbol":"BAP","business_class":"OrderCancelResp","confirmation_type":"Canceled","side":"Sell","volume":"277","price":"14.720000","market_order_id":"2MJQV_79","market_id":"TSX","broker_id":"79"},
{"time_stamp":"2018-07-01 16:06:30.839044","symbol":"BAP","business_class":"OrderCancelResp","confirmation_type":"Canceled","side":"Sell","volume":"307","price":"14.820000","market_order_id":"2MJQV_77","market_id":"TSX","broker_id":"79"},
{"time_stamp":"2018-07-01 16:06:30.839044","symbol":"MRIO","business_class":"OrderCancelResp","confirmation_type":"Booked","side":"Sell","volume":"247","price":"14.710000","market_order_id":"2MJQV_97","market_id":"TSX","broker_id":"79"},
{"time_stamp":"2018-07-01 16:06:30.839044","symbol":"MRIO","business_class":"OrderCancelResp","confirmation_type":"Booked","side":"Sell","volume":"152","price":"14.020000","market_order_id":"2MJQV_98","market_id":"TSX","broker_id":"79"},
{"time_stamp":"2018-07-01 16:06:30.839044","symbol":"ALICOR","business_class":"OrderCancelResp","confirmation_type":"Booked","side":"Sell","volume":"146","price":"13.410000","market_order_id":"2MJQV_99","market_id":"TSX","broker_id":"79"},
{"time_stamp":"2018-07-01 16:06:30.839044","symbol":"BAP","business_class":"OrderCancelResp","confirmation_type":"Canceled","side":"Buy","volume":"207","price":"11.890000","market_order_id":"2MJQV_73","market_id":"TSX","broker_id":"79"},
{"time_stamp":"2018-07-01 16:06:30.839044","symbol":"MRIO","business_class":"OrderCancelResp","confirmation_type":"PriceAssigned","side":"Sell","volume":"347","price":"13.410000","market_order_id":"2MJQV_97","market_id":"TSX","broker_id":"79"},
{"time_stamp":"2018-07-01 16:06:30.839044","symbol":"BAP","business_class":"OrderCancelResp","confirmation_type":"Booked","side":"Sell","volume":"257","price":"13.870000","market_order_id":"2MJQV_100","market_id":"TSX","broker_id":"79"},
{"time_stamp":"2018-07-01 16:06:30.839044","symbol":"BAP","business_class":"OrderCancelResp","confirmation_type":"Canceled","side":"Sell","volume":"257","price":"13.870000","market_order_id":"2MJQV_100","market_id":"TSX","broker_id":"79"},
{"time_stamp":"2018-07-01 16:06:30.839044","symbol":"VOLCAB","business_class":"OrderCancelResp","confirmation_type":"Canceled","side":"Sell","volume":"364","price":"14.570000","market_order_id":"2MJQV_63","market_id":"TSX","broker_id":"79"},
{"time_stamp":"2018-07-01 16:06:30.839044","symbol":"BAP","business_class":"OrderCancelResp","confirmation_type":"Booked","side":"Sell","volume":"261","price":"14.800000","market_order_id":"2MJQV_101","market_id":"TSX","broker_id":"79"},
{"time_stamp":"2018-07-01 16:06:30.839044","symbol":"ABX","business_class":"OrderCancelResp","confirmation_type":"PriceAssigned","side":"Buy","volume":"499","price":"8.850000","market_order_id":"2MJQV_88","market_id":"TSX","broker_id":"79"},
{"time_stamp":"2018-07-01 16:06:30.839044","symbol":"ABX","business_class":"OrderCancelResp","confirmation_type":"Canceled","side":"Buy","volume":"216","price":"10.590000","market_order_id":"2MJQV_95","market_id":"TSX","broker_id":"79"},
{"time_stamp":"2018-07-01 16:06:30.839044","symbol":"MRIO","business_class":"OrderCancelResp","confirmation_type":"PriceAssigned","side":"Sell","volume":"429","price":"13.050000","market_order_id":"2MJQV_69","market_id":"TSX","broker_id":"79"},
{"time_stamp":"2018-07-01 16:06:30.839044","symbol":"ABX","business_class":"OrderCancelResp","confirmation_type":"PriceAssigned","side":"Buy","volume":"393","price":"10.910000","market_order_id":"2MJQV_88","market_id":"TSX","broker_id":"79"},
{"time_stamp":"2018-07-01 16:06:30.839044","symbol":"ALICOR","business_class":"OrderCancelResp","confirmation_type":"Booked","side":"Sell","volume":"123","price":"13.510000","market_order_id":"2MJQV_102","market_id":"TSX","broker_id":"79"},
{"time_stamp":"2018-07-01 16:06:30.839044","symbol":"ABX","business_class":"OrderCancelResp","confirmation_type":"Booked","side":"Buy","volume":"130","price":"11.090000","market_order_id":"2MJQV_103","market_id":"TSX","broker_id":"79"},
{"time_stamp":"2018-07-01 16:06:30.839044","symbol":"MRIO","business_class":"OrderCancelResp","confirmation_type":"Canceled","side":"Sell","volume":"429","price":"13.050000","market_order_id":"2MJQV_69","market_id":"TSX","broker_id":"79"},
{"time_stamp":"2018-07-01 16:06:30.839044","symbol":"VOLCAB","business_class":"OrderCancelResp","confirmation_type":"PriceAssigned","side":"Sell","volume":"492","price":"14.950000","market_order_id":"2MJQV_89","market_id":"TSX","broker_id":"79"},
{"time_stamp":"2018-07-01 16:06:30.839044","symbol":"VOLCAB","business_class":"OrderCancelResp","confirmation_type":"Canceled","side":"Sell","volume":"463","price":"14.520000","market_order_id":"2MJQV_36","market_id":"TSX","broker_id":"79"},
{"time_stamp":"2018-07-01 16:06:30.839044","symbol":"VOLCAB","business_class":"OrderCancelResp","confirmation_type":"Canceled","side":"Sell","volume":"547","price":"13.830000","market_order_id":"2MJQV_62","market_id":"TSX","broker_id":"79"},
{"time_stamp":"2018-07-01 16:06:30.839044","symbol":"ABX","business_class":"OrderCancelResp","confirmation_type":"Canceled","side":"Buy","volume":"338","price":"8.810000","market_order_id":"2MJQV_82","market_id":"TSX","broker_id":"79"},
{"time_stamp":"2018-07-01 16:06:30.839044","symbol":"ABX","business_class":"OrderCancelResp","confirmation_type":"Canceled","side":"Buy","volume":"130","price":"11.090000","market_order_id":"2MJQV_103","market_id":"TSX","broker_id":"79"},
{"time_stamp":"2018-07-01 16:06:30.839044","symbol":"ABX","business_class":"OrderCancelResp","confirmation_type":"Canceled","side":"Buy","volume":"393","price":"10.910000","market_order_id":"2MJQV_88","market_id":"TSX","broker_id":"79"},
{"time_stamp":"2018-07-01 16:06:30.839044","symbol":"MRIO","business_class":"OrderCancelResp","confirmation_type":"PriceAssigned","side":"Sell","volume":"524","price":"13.540000","market_order_id":"2MJQV_74","market_id":"TSX","broker_id":"79"},
{"time_stamp":"2018-07-01 16:06:30.839044","symbol":"MRIO","business_class":"OrderCancelResp","confirmation_type":"Canceled","side":"Buy","volume":"147","price":"9.010000","market_order_id":"2MJQV_87","market_id":"TSX","broker_id":"79"},
{"time_stamp":"2018-07-01 16:06:30.839044","symbol":"MRIO","business_class":"OrderCancelResp","confirmation_type":"Booked","side":"Sell","volume":"275","price":"14.910000","market_order_id":"2MJQV_104","market_id":"TSX","broker_id":"79"},
{"time_stamp":"2018-07-01 16:06:30.839044","symbol":"MRIO","business_class":"OrderCancelResp","confirmation_type":"PriceAssigned","side":"Sell","volume":"393","price":"13.810000","market_order_id":"2MJQV_96","market_id":"TSX","broker_id":"79"},
{"time_stamp":"2018-07-01 16:06:30.839044","symbol":"BAP","business_class":"OrderCancelResp","confirmation_type":"Canceled","side":"Sell","volume":"261","price":"14.800000","market_order_id":"2MJQV_101","market_id":"TSX","broker_id":"79"},
{"time_stamp":"2018-07-01 16:06:30.839044","symbol":"VOLCAB","business_class":"OrderCancelResp","confirmation_type":"Canceled","side":"Sell","volume":"436","price":"13.690000","market_order_id":"2MJQV_42","market_id":"TSX","broker_id":"79"},
{"time_stamp":"2018-07-01 16:06:30.839044","symbol":"VOLCAB","business_class":"OrderCancelResp","confirmation_type":"Booked","side":"Sell","volume":"195","price":"13.370000","market_order_id":"2MJQV_105","market_id":"TSX","broker_id":"79"},
{"time_stamp":"2018-07-01 16:06:30.839044","symbol":"ABX","business_class":"OrderCancelResp","confirmation_type":"Booked","side":"Sell","volume":"164","price":"13.370000","market_order_id":"2MJQV_106","market_id":"TSX","broker_id":"79"},
{"time_stamp":"2018-07-01 16:06:30.839044","symbol":"ALICOR","business_class":"OrderCancelResp","confirmation_type":"PriceAssigned","side":"Sell","volume":"327","price":"13.590000","market_order_id":"2MJQV_78","market_id":"TSX","broker_id":"79"},
{"time_stamp":"2018-07-01 16:06:30.839044","symbol":"MRIO","business_class":"OrderCancelResp","confirmation_type":"Booked","side":"Sell","volume":"119","price":"13.990000","market_order_id":"2MJQV_107","market_id":"TSX","broker_id":"79"},
{"time_stamp":"2018-07-01 16:06:30.839044","symbol":"MRIO","business_class":"OrderCancelResp","confirmation_type":"Canceled","side":"Sell","volume":"347","price":"13.410000","market_order_id":"2MJQV_97","market_id":"TSX","broker_id":"79"},
{"time_stamp":"2018-07-01 16:06:30.839044","symbol":"ABX","business_class":"OrderCancelResp","confirmation_type":"PriceAssigned","side":"Sell","volume":"501","price":"14.560000","market_order_id":"2MJQV_106","market_id":"TSX","broker_id":"79"},
{"time_stamp":"2018-07-01 16:06:30.839044","symbol":"VOLCAB","business_class":"OrderCancelResp","confirmation_type":"Booked","side":"Buy","volume":"244","price":"9.680000","market_order_id":"2MJQV_108","market_id":"TSX","broker_id":"79"},
{"time_stamp":"2018-07-01 16:06:30.839044","symbol":"BAP","business_class":"OrderCancelResp","confirmation_type":"Booked","side":"Buy","volume":"225","price":"10.090000","market_order_id":"2MJQV_109","market_id":"TSX","broker_id":"79"},
{"time_stamp":"2018-07-01 16:06:30.839044","symbol":"MRIO","business_class":"OrderCancelResp","confirmation_type":"Booked","side":"Buy","volume":"202","price":"11.850000","market_order_id":"2MJQV_110","market_id":"TSX","broker_id":"79"},
{"time_stamp":"2018-07-01 16:06:30.839044","symbol":"ABX","business_class":"OrderCancelResp","confirmation_type":"Booked","side":"Buy","volume":"271","price":"8.970000","market_order_id":"2MJQV_111","market_id":"TSX","broker_id":"79"},
{"time_stamp":"2018-07-01 16:06:30.839044","symbol":"MRIO","business_class":"OrderCancelResp","confirmation_type":"Canceled","side":"Sell","volume":"119","price":"13.990000","market_order_id":"2MJQV_107","market_id":"TSX","broker_id":"79"},
{"time_stamp":"2018-07-01 16:06:30.839044","symbol":"VOLCAB","business_class":"OrderCancelResp","confirmation_type":"PriceAssigned","side":"Sell","volume":"388","price":"13.710000","market_order_id":"2MJQV_27","market_id":"TSX","broker_id":"79"},
{"time_stamp":"2018-07-01 16:06:30.839044","symbol":"ABX","business_class":"OrderCancelResp","confirmation_type":"PriceAssigned","side":"Buy","volume":"325","price":"10.270000","market_order_id":"2MJQV_111","market_id":"TSX","broker_id":"79"},
{"time_stamp":"2018-07-01 16:06:30.839044","symbol":"VOLCAB","business_class":"OrderCancelResp","confirmation_type":"Canceled","side":"Buy","volume":"305","price":"9.670000","market_order_id":"2MJQV_28","market_id":"TSX","broker_id":"79"},
{"time_stamp":"2018-07-01 16:06:30.839044","symbol":"MRIO","business_class":"OrderCancelResp","confirmation_type":"Canceled","side":"Sell","volume":"235","price":"14.700000","market_order_id":"2MJQV_94","market_id":"TSX","broker_id":"79"},
{"time_stamp":"2018-07-01 16:06:30.839044","symbol":"VOLCAB","business_class":"OrderCancelResp","confirmation_type":"Canceled","side":"Buy","volume":"244","price":"9.680000","market_order_id":"2MJQV_108","market_id":"TSX","broker_id":"79"},
{"time_stamp":"2018-07-01 16:06:30.839044","symbol":"ABX","business_class":"OrderCancelResp","confirmation_type":"PriceAssigned","side":"Buy","volume":"375","price":"11.380000","market_order_id":"2MJQV_111","market_id":"TSX","broker_id":"79"},
{"time_stamp":"2018-07-01 16:06:30.839044","symbol":"BAP","business_class":"OrderCancelResp","confirmation_type":"PriceAssigned","side":"Buy","volume":"341","price":"8.560000","market_order_id":"2MJQV_109","market_id":"TSX","broker_id":"79"},
{"time_stamp":"2018-07-01 16:06:30.839044","symbol":"MRIO","business_class":"OrderCancelResp","confirmation_type":"Canceled","side":"Sell","volume":"275","price":"14.910000","market_order_id":"2MJQV_104","market_id":"TSX","broker_id":"79"},
{"time_stamp":"2018-07-01 16:06:30.839044","symbol":"VOLCAB","business_class":"OrderCancelResp","confirmation_type":"Canceled","side":"Sell","volume":"195","price":"13.370000","market_order_id":"2MJQV_105","market_id":"TSX","broker_id":"79"},
{"time_stamp":"2018-07-01 16:06:30.839044","symbol":"ALICOR","business_class":"OrderCancelResp","confirmation_type":"Booked","side":"Buy","volume":"193","price":"8.310000","market_order_id":"2MJQV_112","market_id":"TSX","broker_id":"79"},
{"time_stamp":"2018-07-01 16:06:30.839044","symbol":"ALICOR","business_class":"OrderCancelResp","confirmation_type":"Canceled","side":"Sell","volume":"232","price":"13.500000","market_order_id":"2MJQV_68","market_id":"TSX","broker_id":"79"},
{"time_stamp":"2018-07-01 16:06:30.839044","symbol":"ALICOR","business_class":"OrderCancelResp","confirmation_type":"Booked","side":"Sell","volume":"140","price":"13.050000","market_order_id":"2MJQV_113","market_id":"TSX","broker_id":"79"},
{"time_stamp":"2018-07-01 16:06:30.839044","symbol":"BAP","business_class":"OrderCancelResp","confirmation_type":"PriceAssigned","side":"Buy","volume":"556","price":"8.380000","market_order_id":"2MJQV_109","market_id":"TSX","broker_id":"79"},
{"time_stamp":"2018-07-01 16:06:30.839044","symbol":"ABX","business_class":"OrderCancelResp","confirmation_type":"PriceAssigned","side":"Buy","volume":"561","price":"11.870000","market_order_id":"2MJQV_111","market_id":"TSX","broker_id":"79"},
{"time_stamp":"2018-07-01 16:06:30.839044","symbol":"MRIO","business_class":"OrderCancelResp","confirmation_type":"PriceAssigned","side":"Buy","volume":"389","price":"9.490000","market_order_id":"2MJQV_110","market_id":"TSX","broker_id":"79"},
{"time_stamp":"2018-07-01 16:06:30.839044","symbol":"VOLCAB","business_class":"OrderCancelResp","confirmation_type":"Canceled","side":"Sell","volume":"120","price":"14.470000","market_order_id":"2MJQV_75","market_id":"TSX","broker_id":"79"},
{"time_stamp":"2018-07-01 16:06:30.839044","symbol":"ALICOR","business_class":"OrderCancelResp","confirmation_type":"PriceAssigned","side":"Sell","volume":"403","price":"13.630000","market_order_id":"2MJQV_113","market_id":"TSX","broker_id":"79"},
{"time_stamp":"2018-07-01 16:06:30.839044","symbol":"ABX","business_class":"OrderCancelResp","confirmation_type":"PriceAssigned","side":"Buy","volume":"317","price":"9.830000","market_order_id":"2MJQV_111","market_id":"TSX","broker_id":"79"},
{"time_stamp":"2018-07-01 16:06:30.839044","symbol":"VOLCAB","business_class":"OrderCancelResp","confirmation_type":"Booked","side":"Sell","volume":"116","price":"13.570000","market_order_id":"2MJQV_114","market_id":"TSX","broker_id":"79"},
{"time_stamp":"2018-07-01 16:06:30.839044","symbol":"VOLCAB","business_class":"OrderCancelResp","confirmation_type":"PriceAssigned","side":"Sell","volume":"417","price":"14.330000","market_order_id":"2MJQV_114","market_id":"TSX","broker_id":"79"},
{"time_stamp":"2018-07-01 16:06:30.839044","symbol":"BAP","business_class":"OrderCancelResp","confirmation_type":"Booked","side":"Sell","volume":"232","price":"14.780000","market_order_id":"2MJQV_115","market_id":"TSX","broker_id":"79"},
{"time_stamp":"2018-07-01 16:06:30.839044","symbol":"ALICOR","business_class":"OrderCancelResp","confirmation_type":"Booked","side":"Sell","volume":"111","price":"13.330000","market_order_id":"2MJQV_116","market_id":"TSX","broker_id":"79"},
{"time_stamp":"2018-07-01 16:06:30.839044","symbol":"VOLCAB","business_class":"OrderCancelResp","confirmation_type":"PriceAssigned","side":"Sell","volume":"538","price":"14.550000","market_order_id":"2MJQV_27","market_id":"TSX","broker_id":"79"},
{"time_stamp":"2018-07-01 16:06:30.839044","symbol":"VOLCAB","business_class":"OrderCancelResp","confirmation_type":"PriceAssigned","side":"Sell","volume":"595","price":"14.100000","market_order_id":"2MJQV_65","market_id":"TSX","broker_id":"79"},
{"time_stamp":"2018-07-01 16:06:30.839044","symbol":"BAP","business_class":"OrderCancelResp","confirmation_type":"PriceAssigned","side":"Sell","volume":"381","price":"14.930000","market_order_id":"2MJQV_115","market_id":"TSX","broker_id":"79"},
{"time_stamp":"2018-07-01 16:06:30.839044","symbol":"VOLCAB","business_class":"OrderCancelResp","confirmation_type":"Booked","side":"Buy","volume":"137","price":"9.480000","market_order_id":"2MJQV_117","market_id":"TSX","broker_id":"79"},
{"time_stamp":"2018-07-01 16:06:30.839044","symbol":"BAP","business_class":"OrderCancelResp","confirmation_type":"Canceled","side":"Sell","volume":"381","price":"14.930000","market_order_id":"2MJQV_115","market_id":"TSX","broker_id":"79"},
{"time_stamp":"2018-07-01 16:06:30.839044","symbol":"BAP","business_class":"OrderCancelResp","confirmation_type":"PriceAssigned","side":"Buy","volume":"564","price":"9.780000","market_order_id":"2MJQV_109","market_id":"TSX","broker_id":"79"},
{"time_stamp":"2018-07-01 16:06:30.839044","symbol":"ABX","business_class":"OrderCancelResp","confirmation_type":"Booked","side":"Sell","volume":"160","price":"14.640000","market_order_id":"2MJQV_118","market_id":"TSX","broker_id":"79"},
{"time_stamp":"2018-07-01 16:06:30.839044","symbol":"VOLCAB","business_class":"OrderCancelResp","confirmation_type":"Booked","side":"Sell","volume":"258","price":"13.460000","market_order_id":"2MJQV_119","market_id":"TSX","broker_id":"79"},
{"time_stamp":"2018-07-01 16:06:30.839044","symbol":"ABX","business_class":"OrderCancelResp","confirmation_type":"PriceAssigned","side":"Sell","volume":"371","price":"13.740000","market_order_id":"2MJQV_106","market_id":"TSX","broker_id":"79"},
{"time_stamp":"2018-07-01 16:06:30.839044","symbol":"ABX","business_class":"OrderCancelResp","confirmation_type":"Booked","side":"Buy","volume":"229","price":"8.720000","market_order_id":"2MJQV_120","market_id":"TSX","broker_id":"79"},
{"time_stamp":"2018-07-01 16:06:30.839044","symbol":"ALICOR","business_class":"OrderCancelResp","confirmation_type":"Booked","side":"Sell","volume":"138","price":"14.800000","market_order_id":"2MJQV_121","market_id":"TSX","broker_id":"79"},
{"time_stamp":"2018-07-01 16:06:30.839044","symbol":"ALICOR","business_class":"OrderCancelResp","confirmation_type":"PriceAssigned","side":"Sell","volume":"345","price":"14.270000","market_order_id":"2MJQV_113","market_id":"TSX","broker_id":"79"},
{"time_stamp":"2018-07-01 16:06:30.839044","symbol":"ABX","business_class":"OrderCancelResp","confirmation_type":"PriceAssigned","side":"Buy","volume":"452","price":"10.270000","market_order_id":"2MJQV_120","market_id":"TSX","broker_id":"79"},
{"time_stamp":"2018-07-01 16:06:30.839044","symbol":"ALICOR","business_class":"OrderCancelResp","confirmation_type":"PriceAssigned","side":"Sell","volume":"545","price":"13.910000","market_order_id":"2MJQV_78","market_id":"TSX","broker_id":"79"},
{"time_stamp":"2018-07-01 16:06:30.839044","symbol":"MRIO","business_class":"OrderCancelResp","confirmation_type":"Canceled","side":"Sell","volume":"447","price":"13.340000","market_order_id":"2MJQV_47","market_id":"TSX","broker_id":"79"},
{"time_stamp":"2018-07-01 16:06:30.839044","symbol":"BAP","business_class":"OrderCancelResp","confirmation_type":"Booked","side":"Sell","volume":"292","price":"14.730000","market_order_id":"2MJQV_122","market_id":"TSX","broker_id":"79"},
{"time_stamp":"2018-07-01 16:06:30.839044","symbol":"MRIO","business_class":"OrderCancelResp","confirmation_type":"PriceAssigned","side":"Sell","volume":"442","price":"13.080000","market_order_id":"2MJQV_96","market_id":"TSX","broker_id":"79"},
{"time_stamp":"2018-07-01 16:06:30.839044","symbol":"VOLCAB","business_class":"OrderCancelResp","confirmation_type":"Booked","side":"Sell","volume":"193","price":"14.280000","market_order_id":"2MJQV_123","market_id":"TSX","broker_id":"79"},
{"time_stamp":"2018-07-01 16:06:30.839044","symbol":"MRIO","business_class":"OrderCancelResp","confirmation_type":"PriceAssigned","side":"Sell","volume":"388","price":"14.760000","market_order_id":"2MJQV_96","market_id":"TSX","broker_id":"79"},
{"time_stamp":"2018-07-01 16:06:30.839044","symbol":"MRIO","business_class":"OrderCancelResp","confirmation_type":"Canceled","side":"Buy","volume":"181","price":"8.340000","market_order_id":"2MJQV_80","market_id":"TSX","broker_id":"79"},
{"time_stamp":"2018-07-01 16:06:30.839044","symbol":"VOLCAB","business_class":"OrderCancelResp","confirmation_type":"PriceAssigned","side":"Sell","volume":"496","price":"13.470000","market_order_id":"2MJQV_123","market_id":"TSX","broker_id":"79"},
{"time_stamp":"2018-07-01 16:06:30.839044","symbol":"ALICOR","business_class":"OrderCancelResp","confirmation_type":"PriceAssigned","side":"Sell","volume":"369","price":"13.800000","market_order_id":"2MJQV_116","market_id":"TSX","broker_id":"79"},
{"time_stamp":"2018-07-01 16:06:30.839044","symbol":"BAP","business_class":"OrderCancelResp","confirmation_type":"Canceled","side":"Sell","volume":"292","price":"14.730000","market_order_id":"2MJQV_122","market_id":"TSX","broker_id":"79"},
{"time_stamp":"2018-07-01 16:06:30.839044","symbol":"MRIO","business_class":"OrderCancelResp","confirmation_type":"PriceAssigned","side":"Buy","volume":"475","price":"8.780000","market_order_id":"2MJQV_110","market_id":"TSX","broker_id":"79"},
{"time_stamp":"2018-07-01 16:06:30.839044","symbol":"BAP","business_class":"OrderCancelResp","confirmation_type":"Booked","side":"Buy","volume":"131","price":"8.780000","market_order_id":"2MJQV_124","market_id":"TSX","broker_id":"79"},
{"time_stamp":"2018-07-01 16:06:30.839044","symbol":"MRIO","business_class":"OrderCancelResp","confirmation_type":"Booked","side":"Buy","volume":"260","price":"11.440000","market_order_id":"2MJQV_125","market_id":"TSX","broker_id":"79"},
{"time_stamp":"2018-07-01 16:06:30.839044","symbol":"ALICOR","business_class":"OrderCancelResp","confirmation_type":"Canceled","side":"Buy","volume":"193","price":"8.310000","market_order_id":"2MJQV_112","market_id":"TSX","broker_id":"79"},
{"time_stamp":"2018-07-01 16:06:30.839044","symbol":"MRIO","business_class":"OrderCancelResp","confirmation_type":"Canceled","side":"Sell","volume":"152","price":"14.020000","market_order_id":"2MJQV_98","market_id":"TSX","broker_id":"79"},
{"time_stamp":"2018-07-01 16:06:30.839044","symbol":"BAP","business_class":"OrderCancelResp","confirmation_type":"Booked","side":"Sell","volume":"219","price":"13.570000","market_order_id":"2MJQV_126","market_id":"TSX","broker_id":"79"},
{"time_stamp":"2018-07-01 16:06:30.839044","symbol":"ALICOR","business_class":"OrderCancelResp","confirmation_type":"PriceAssigned","side":"Sell","volume":"598","price":"13.650000","market_order_id":"2MJQV_78","market_id":"TSX","broker_id":"79"},
{"time_stamp":"2018-07-01 16:06:30.839044","symbol":"VOLCAB","business_class":"OrderCancelResp","confirmation_type":"PriceAssigned","side":"Sell","volume":"366","price":"13.140000","market_order_id":"2MJQV_65","market_id":"TSX","broker_id":"79"},
{"time_stamp":"2018-07-01 16:06:30.839044","symbol":"ALICOR","business_class":"OrderCancelResp","confirmation_type":"Canceled","side":"Sell","volume":"369","price":"13.800000","market_order_id":"2MJQV_116","market_id":"TSX","broker_id":"79"},
{"time_stamp":"2018-07-01 16:06:30.839044","symbol":"ALICOR","business_class":"OrderCancelResp","confirmation_type":"Canceled","side":"Sell","volume":"132","price":"14.150000","market_order_id":"2MJQV_85","market_id":"TSX","broker_id":"79"},
{"time_stamp":"2018-07-01 16:06:30.839044","symbol":"ALICOR","business_class":"OrderCancelResp","confirmation_type":"Booked","side":"Sell","volume":"252","price":"13.950000","market_order_id":"2MJQV_127","market_id":"TSX","broker_id":"79"},
{"time_stamp":"2018-07-01 16:06:30.839044","symbol":"BAP","business_class":"OrderCancelResp","confirmation_type":"PriceAssigned","side":"Sell","volume":"488","price":"13.880000","market_order_id":"2MJQV_126","market_id":"TSX","broker_id":"79"},
{"time_stamp":"2018-07-01 16:06:30.839044","symbol":"MRIO","business_class":"OrderCancelResp","confirmation_type":"Canceled","side":"Sell","volume":"126","price":"14.860000","market_order_id":"2MJQV_91","market_id":"TSX","broker_id":"79"},
{"time_stamp":"2018-07-01 16:06:30.839044","symbol":"MRIO","business_class":"OrderCancelResp","confirmation_type":"PriceAssigned","side":"Buy","volume":"417","price":"9.650000","market_order_id":"2MJQV_110","market_id":"TSX","broker_id":"79"},
{"time_stamp":"2018-07-01 16:06:30.839044","symbol":"MRIO","business_class":"OrderCancelResp","confirmation_type":"Canceled","side":"Buy","volume":"417","price":"9.650000","market_order_id":"2MJQV_110","market_id":"TSX","broker_id":"79"},
{"time_stamp":"2018-07-01 16:06:30.839044","symbol":"ABX","business_class":"OrderCancelResp","confirmation_type":"Booked","side":"Buy","volume":"207","price":"8.630000","market_order_id":"2MJQV_128","market_id":"TSX","broker_id":"79"},
{"time_stamp":"2018-07-01 16:06:30.839044","symbol":"ABX","business_class":"OrderCancelResp","confirmation_type":"Canceled","side":"Buy","volume":"317","price":"9.830000","market_order_id":"2MJQV_111","market_id":"TSX","broker_id":"79"},
{"time_stamp":"2018-07-01 16:06:30.839044","symbol":"VOLCAB","business_class":"OrderCancelResp","confirmation_type":"Booked","side":"Sell","volume":"287","price":"13.170000","market_order_id":"2MJQV_129","market_id":"TSX","broker_id":"79"},
{"time_stamp":"2018-07-01 16:06:30.839044","symbol":"BAP","business_class":"OrderCancelResp","confirmation_type":"Booked","side":"Buy","volume":"178","price":"8.850000","market_order_id":"2MJQV_130","market_id":"TSX","broker_id":"79"},
{"time_stamp":"2018-07-01 16:06:30.839044","symbol":"ABX","business_class":"OrderCancelResp","confirmation_type":"Canceled","side":"Sell","volume":"371","price":"13.740000","market_order_id":"2MJQV_106","market_id":"TSX","broker_id":"79"},
{"time_stamp":"2018-07-01 16:06:30.839044","symbol":"VOLCAB","business_class":"OrderCancelResp","confirmation_type":"PriceAssigned","side":"Sell","volume":"468","price":"13.530000","market_order_id":"2MJQV_114","market_id":"TSX","broker_id":"79"},
{"time_stamp":"2018-07-01 16:06:30.839044","symbol":"ABX","business_class":"OrderCancelResp","confirmation_type":"PriceAssigned","side":"Sell","volume":"479","price":"13.740000","market_order_id":"2MJQV_118","market_id":"TSX","broker_id":"79"},
{"time_stamp":"2018-07-01 16:06:30.839044","symbol":"ABX","business_class":"OrderCancelResp","confirmation_type":"Booked","side":"Buy","volume":"289","price":"11.970000","market_order_id":"2MJQV_131","market_id":"TSX","broker_id":"79"},
{"time_stamp":"2018-07-01 16:06:30.839044","symbol":"MRIO","business_class":"OrderCancelResp","confirmation_type":"PriceAssigned","side":"Buy","volume":"529","price":"11.650000","market_order_id":"2MJQV_125","market_id":"TSX","broker_id":"79"},
{"time_stamp":"2018-07-01 16:06:30.839044","symbol":"ALICOR","business_class":"OrderCancelResp","confirmation_type":"Canceled","side":"Sell","volume":"193","price":"14.370000","market_order_id":"2MJQV_66","market_id":"TSX","broker_id":"79"},
{"time_stamp":"2018-07-01 16:06:30.839044","symbol":"ALICOR","business_class":"OrderCancelResp","confirmation_type":"Booked","side":"Sell","volume":"117","price":"14.860000","market_order_id":"2MJQV_132","market_id":"TSX","broker_id":"79"},
{"time_stamp":"2018-07-01 16:06:30.839044","symbol":"MRIO","business_class":"OrderCancelResp","confirmation_type":"Canceled","side":"Sell","volume":"524","price":"13.540000","market_order_id":"2MJQV_74","market_id":"TSX","broker_id":"79"},
{"time_stamp":"2018-07-01 16:06:30.839044","symbol":"ABX","business_class":"OrderCancelResp","confirmation_type":"PriceAssigned","side":"Sell","volume":"371","price":"14.130000","market_order_id":"2MJQV_118","market_id":"TSX","broker_id":"79"},
{"time_stamp":"2018-07-01 16:06:30.839044","symbol":"VOLCAB","business_class":"OrderCancelResp","confirmation_type":"PriceAssigned","side":"Sell","volume":"481","price":"13.820000","market_order_id":"2MJQV_123","market_id":"TSX","broker_id":"79"},
{"time_stamp":"2018-07-01 16:06:30.839044","symbol":"ABX","business_class":"OrderCancelResp","confirmation_type":"PriceAssigned","side":"Buy","volume":"346","price":"11.200000","market_order_id":"2MJQV_131","market_id":"TSX","broker_id":"79"},
{"time_stamp":"2018-07-01 16:06:30.839044","symbol":"ALICOR","business_class":"OrderCancelResp","confirmation_type":"Booked","side":"Sell","volume":"260","price":"14.730000","market_order_id":"2MJQV_133","market_id":"TSX","broker_id":"79"},
{"time_stamp":"2018-07-01 16:06:30.839044","symbol":"MRIO","business_class":"OrderCancelResp","confirmation_type":"Canceled","side":"Buy","volume":"529","price":"11.650000","market_order_id":"2MJQV_125","market_id":"TSX","broker_id":"79"},
{"time_stamp":"2018-07-01 16:06:30.839044","symbol":"MRIO","business_class":"OrderCancelResp","confirmation_type":"PriceAssigned","side":"Sell","volume":"460","price":"13.830000","market_order_id":"2MJQV_96","market_id":"TSX","broker_id":"79"},
{"time_stamp":"2018-07-01 16:06:30.839044","symbol":"ALICOR","business_class":"OrderCancelResp","confirmation_type":"PriceAssigned","side":"Sell","volume":"581","price":"14.240000","market_order_id":"2MJQV_92","market_id":"TSX","broker_id":"79"},
{"time_stamp":"2018-07-01 16:06:30.839044","symbol":"MRIO","business_class":"OrderCancelResp","confirmation_type":"Canceled","side":"Sell","volume":"460","price":"13.830000","market_order_id":"2MJQV_96","market_id":"TSX","broker_id":"79"},
{"time_stamp":"2018-07-01 16:06:30.839044","symbol":"MRIO","business_class":"OrderCancelResp","confirmation_type":"Booked","side":"Sell","volume":"259","price":"14.660000","market_order_id":"2MJQV_134","market_id":"TSX","broker_id":"79"},
{"time_stamp":"2018-07-01 16:06:30.839044","symbol":"VOLCAB","business_class":"OrderCancelResp","confirmation_type":"Canceled","side":"Sell","volume":"366","price":"13.140000","market_order_id":"2MJQV_65","market_id":"TSX","broker_id":"79"},
{"time_stamp":"2018-07-01 16:06:30.839044","symbol":"ALICOR","business_class":"OrderCancelResp","confirmation_type":"Canceled","side":"Sell","volume":"581","price":"14.240000","market_order_id":"2MJQV_92","market_id":"TSX","broker_id":"79"},
{"time_stamp":"2018-07-01 16:06:30.839044","symbol":"MRIO","business_class":"OrderCancelResp","confirmation_type":"Canceled","side":"Sell","volume":"259","price":"14.660000","market_order_id":"2MJQV_134","market_id":"TSX","broker_id":"79"},
{"time_stamp":"2018-07-01 16:06:30.839044","symbol":"VOLCAB","business_class":"OrderCancelResp","confirmation_type":"PriceAssigned","side":"Sell","volume":"588","price":"14.060000","market_order_id":"2MJQV_89","market_id":"TSX","broker_id":"79"},
{"time_stamp":"2018-07-01 16:06:30.839044","symbol":"BAP","business_class":"OrderCancelResp","confirmation_type":"PriceAssigned","side":"Buy","volume":"460","price":"10.130000","market_order_id":"2MJQV_130","market_id":"TSX","broker_id":"79"},
{"time_stamp":"2018-07-01 16:06:30.839044","symbol":"ALICOR","business_class":"OrderCancelResp","confirmation_type":"Canceled","side":"Sell","volume":"260","price":"14.730000","market_order_id":"2MJQV_133","market_id":"TSX","broker_id":"79"},
{"time_stamp":"2018-07-01 16:06:30.839044","symbol":"ABX","business_class":"OrderCancelResp","confirmation_type":"Booked","side":"Sell","volume":"121","price":"14.010000","market_order_id":"2MJQV_135","market_id":"TSX","broker_id":"79"},
{"time_stamp":"2018-07-01 16:06:30.839044","symbol":"ABX","business_class":"OrderCancelResp","confirmation_type":"PriceAssigned","side":"Buy","volume":"396","price":"11.760000","market_order_id":"2MJQV_120","market_id":"TSX","broker_id":"79"},
{"time_stamp":"2018-07-01 16:06:30.839044","symbol":"BAP","business_class":"OrderCancelResp","confirmation_type":"PriceAssigned","side":"Buy","volume":"455","price":"11.450000","market_order_id":"2MJQV_130","market_id":"TSX","broker_id":"79"},
{"time_stamp":"2018-07-01 16:06:30.839044","symbol":"BAP","business_class":"OrderCancelResp","confirmation_type":"Booked","side":"Sell","volume":"284","price":"13.020000","market_order_id":"2MJQV_136","market_id":"TSX","broker_id":"79"},
{"time_stamp":"2018-07-01 16:06:30.839044","symbol":"ABX","business_class":"OrderCancelResp","confirmation_type":"Booked","side":"Buy","volume":"202","price":"10.040000","market_order_id":"2MJQV_137","market_id":"TSX","broker_id":"79"},
{"time_stamp":"2018-07-01 16:06:30.839044","symbol":"MRIO","business_class":"OrderCancelResp","confirmation_type":"Booked","side":"Buy","volume":"228","price":"11.660000","market_order_id":"2MJQV_138","market_id":"TSX","broker_id":"79"},
{"time_stamp":"2018-07-01 16:06:30.839044","symbol":"MRIO","business_class":"OrderCancelResp","confirmation_type":"PriceAssigned","side":"Buy","volume":"514","price":"10.430000","market_order_id":"2MJQV_138","market_id":"TSX","broker_id":"79"},
{"time_stamp":"2018-07-01 16:06:30.839044","symbol":"MRIO","business_class":"OrderCancelResp","confirmation_type":"PriceAssigned","side":"Buy","volume":"366","price":"10.460000","market_order_id":"2MJQV_138","market_id":"TSX","broker_id":"79"},
{"time_stamp":"2018-07-01 16:06:30.839044","symbol":"ABX","business_class":"OrderCancelResp","confirmation_type":"Canceled","side":"Buy","volume":"202","price":"10.040000","market_order_id":"2MJQV_137","market_id":"TSX","broker_id":"79"},
{"time_stamp":"2018-07-01 16:06:30.839044","symbol":"ABX","business_class":"OrderCancelResp","confirmation_type":"PriceAssigned","side":"Buy","volume":"562","price":"9.710000","market_order_id":"2MJQV_120","market_id":"TSX","broker_id":"79"},
{"time_stamp":"2018-07-01 16:06:30.839044","symbol":"MRIO","business_class":"OrderCancelResp","confirmation_type":"Canceled","side":"Buy","volume":"366","price":"10.460000","market_order_id":"2MJQV_138","market_id":"TSX","broker_id":"79"},
{"time_stamp":"2018-07-01 16:06:30.839044","symbol":"BAP","business_class":"OrderCancelResp","confirmation_type":"PriceAssigned","side":"Buy","volume":"362","price":"11.020000","market_order_id":"2MJQV_109","market_id":"TSX","broker_id":"79"},
{"time_stamp":"2018-07-01 16:06:30.839044","symbol":"VOLCAB","business_class":"OrderCancelResp","confirmation_type":"Booked","side":"Sell","volume":"109","price":"13.670000","market_order_id":"2MJQV_139","market_id":"TSX","broker_id":"79"},
{"time_stamp":"2018-07-01 16:06:30.839044","symbol":"ABX","business_class":"OrderCancelResp","confirmation_type":"PriceAssigned","side":"Buy","volume":"537","price":"11.040000","market_order_id":"2MJQV_120","market_id":"TSX","broker_id":"79"},
{"time_stamp":"2018-07-01 16:06:30.839044","symbol":"ALICOR","business_class":"OrderCancelResp","confirmation_type":"Canceled","side":"Buy","volume":"546","price":"10.170000","market_order_id":"2MJQV_83","market_id":"TSX","broker_id":"79"},
{"time_stamp":"2018-07-01 16:06:30.839044","symbol":"BAP","business_class":"OrderCancelResp","confirmation_type":"Booked","side":"Buy","volume":"152","price":"9.440000","market_order_id":"2MJQV_140","market_id":"TSX","broker_id":"79"},
{"time_stamp":"2018-07-01 16:06:30.839044","symbol":"BAP","business_class":"OrderCancelResp","confirmation_type":"PriceAssigned","side":"Buy","volume":"494","price":"8.750000","market_order_id":"2MJQV_130","market_id":"TSX","broker_id":"79"},
{"time_stamp":"2018-07-01 16:06:30.839044","symbol":"VOLCAB","business_class":"OrderCancelResp","confirmation_type":"PriceAssigned","side":"Buy","volume":"309","price":"9.300000","market_order_id":"2MJQV_117","market_id":"TSX","broker_id":"79"},
{"time_stamp":"2018-07-01 16:06:30.839044","symbol":"ALICOR","business_class":"OrderCancelResp","confirmation_type":"Booked","side":"Buy","volume":"145","price":"10.720000","market_order_id":"2MJQV_141","market_id":"TSX","broker_id":"79"},
{"time_stamp":"2018-07-01 16:06:30.839044","symbol":"ABX","business_class":"OrderCancelResp","confirmation_type":"PriceAssigned","side":"Buy","volume":"511","price":"9.390000","market_order_id":"2MJQV_128","market_id":"TSX","broker_id":"79"},
{"time_stamp":"2018-07-01 16:06:30.839044","symbol":"ALICOR","business_class":"OrderCancelResp","confirmation_type":"Booked","side":"Sell","volume":"186","price":"14.280000","market_order_id":"2MJQV_142","market_id":"TSX","broker_id":"79"},
{"time_stamp":"2018-07-01 16:06:30.839044","symbol":"VOLCAB","business_class":"OrderCancelResp","confirmation_type":"PriceAssigned","side":"Sell","volume":"543","price":"13.300000","market_order_id":"2MJQV_139","market_id":"TSX","broker_id":"79"},
{"time_stamp":"2018-07-01 16:06:30.839044","symbol":"BAP","business_class":"OrderCancelResp","confirmation_type":"Canceled","side":"Buy","volume":"362","price":"11.020000","market_order_id":"2MJQV_109","market_id":"TSX","broker_id":"79"},
{"time_stamp":"2018-07-01 16:06:30.839044","symbol":"ABX","business_class":"OrderCancelResp","confirmation_type":"Booked","side":"Sell","volume":"229","price":"13.160000","market_order_id":"2MJQV_143","market_id":"TSX","broker_id":"79"},
{"time_stamp":"2018-07-01 16:06:30.839044","symbol":"ALICOR","business_class":"OrderCancelResp","confirmation_type":"PriceAssigned","side":"Sell","volume":"451","price":"13.220000","market_order_id":"2MJQV_102","market_id":"TSX","broker_id":"79"},
{"time_stamp":"2018-07-01 16:06:30.839044","symbol":"ALICOR","business_class":"OrderCancelResp","confirmation_type":"Booked","side":"Sell","volume":"187","price":"13.560000","market_order_id":"2MJQV_144","market_id":"TSX","broker_id":"79"},
{"time_stamp":"2018-07-01 16:06:30.839044","symbol":"VOLCAB","business_class":"OrderCancelResp","confirmation_type":"PriceAssigned","side":"Sell","volume":"507","price":"13.980000","market_order_id":"2MJQV_89","market_id":"TSX","broker_id":"79"},
{"time_stamp":"2018-07-01 16:06:30.839044","symbol":"ABX","business_class":"OrderCancelResp","confirmation_type":"PriceAssigned","side":"Sell","volume":"563","price":"14.490000","market_order_id":"2MJQV_135","market_id":"TSX","broker_id":"79"},
{"time_stamp":"2018-07-01 16:06:30.839044","symbol":"VOLCAB","business_class":"OrderCancelResp","confirmation_type":"PriceAssigned","side":"Buy","volume":"398","price":"8.920000","market_order_id":"2MJQV_117","market_id":"TSX","broker_id":"79"},
{"time_stamp":"2018-07-01 16:06:30.839044","symbol":"BAP","business_class":"OrderCancelResp","confirmation_type":"Canceled","side":"Buy","volume":"494","price":"8.750000","market_order_id":"2MJQV_130","market_id":"TSX","broker_id":"79"},
{"time_stamp":"2018-07-01 16:06:30.839044","symbol":"MRIO","business_class":"OrderCancelResp","confirmation_type":"Booked","side":"Buy","volume":"233","price":"11.170000","market_order_id":"2MJQV_145","market_id":"TSX","broker_id":"79"},
{"time_stamp":"2018-07-01 16:06:30.839044","symbol":"ABX","business_class":"OrderCancelResp","confirmation_type":"PriceAssigned","side":"Sell","volume":"310","price":"14.760000","market_order_id":"2MJQV_135","market_id":"TSX","broker_id":"79"},
{"time_stamp":"2018-07-01 16:06:30.839044","symbol":"VOLCAB","business_class":"OrderCancelResp","confirmation_type":"Booked","side":"Sell","volume":"215","price":"14.200000","market_order_id":"2MJQV_146","market_id":"TSX","broker_id":"79"},
{"time_stamp":"2018-07-01 16:06:30.839044","symbol":"BAP","business_class":"OrderCancelResp","confirmation_type":"PriceAssigned","side":"Buy","volume":"327","price":"9.220000","market_order_id":"2MJQV_140","market_id":"TSX","broker_id":"79"},
{"time_stamp":"2018-07-01 16:06:30.839044","symbol":"ALICOR","business_class":"OrderCancelResp","confirmation_type":"Canceled","side":"Buy","volume":"145","price":"10.720000","market_order_id":"2MJQV_141","market_id":"TSX","broker_id":"79"},
{"time_stamp":"2018-07-01 16:06:30.839044","symbol":"BAP","business_class":"OrderCancelResp","confirmation_type":"PriceAssigned","side":"Sell","volume":"338","price":"13.300000","market_order_id":"2MJQV_136","market_id":"TSX","broker_id":"79"},
{"time_stamp":"2018-07-01 16:06:30.839044","symbol":"VOLCAB","business_class":"OrderCancelResp","confirmation_type":"Canceled","side":"Sell","volume":"538","price":"14.550000","market_order_id":"2MJQV_27","market_id":"TSX","broker_id":"79"},
{"time_stamp":"2018-07-01 16:06:30.839044","symbol":"ABX","business_class":"OrderCancelResp","confirmation_type":"PriceAssigned","side":"Sell","volume":"408","price":"14.240000","market_order_id":"2MJQV_118","market_id":"TSX","broker_id":"79"},
{"time_stamp":"2018-07-01 16:06:30.839044","symbol":"ALICOR","business_class":"OrderCancelResp","confirmation_type":"Canceled","side":"Sell","volume":"451","price":"13.220000","market_order_id":"2MJQV_102","market_id":"TSX","broker_id":"79"},
{"time_stamp":"2018-07-01 16:06:30.839044","symbol":"ABX","business_class":"OrderCancelResp","confirmation_type":"Canceled","side":"Sell","volume":"408","price":"14.240000","market_order_id":"2MJQV_118","market_id":"TSX","broker_id":"79"},
{"time_stamp":"2018-07-01 16:06:30.839044","symbol":"VOLCAB","business_class":"OrderCancelResp","confirmation_type":"PriceAssigned","side":"Sell","volume":"556","price":"14.050000","market_order_id":"2MJQV_146","market_id":"TSX","broker_id":"79"},
{"time_stamp":"2018-07-01 16:06:30.839044","symbol":"MRIO","business_class":"OrderCancelResp","confirmation_type":"Canceled","side":"Buy","volume":"233","price":"11.170000","market_order_id":"2MJQV_145","market_id":"TSX","broker_id":"79"},
{"time_stamp":"2018-07-01 16:06:30.839044","symbol":"BAP","business_class":"OrderCancelResp","confirmation_type":"PriceAssigned","side":"Sell","volume":"307","price":"14.030000","market_order_id":"2MJQV_126","market_id":"TSX","broker_id":"79"},
{"time_stamp":"2018-07-01 16:06:30.839044","symbol":"ALICOR","business_class":"OrderCancelResp","confirmation_type":"Canceled","side":"Buy","volume":"269","price":"8.670000","market_order_id":"2MJQV_84","market_id":"TSX","broker_id":"79"},
{"time_stamp":"2018-07-01 16:06:30.839044","symbol":"MRIO","business_class":"OrderCancelResp","confirmation_type":"Booked","side":"Buy","volume":"280","price":"9.000000","market_order_id":"2MJQV_147","market_id":"TSX","broker_id":"79"},
{"time_stamp":"2018-07-01 16:06:30.839044","symbol":"VOLCAB","business_class":"OrderCancelResp","confirmation_type":"PriceAssigned","side":"Sell","volume":"388","price":"13.850000","market_order_id":"2MJQV_146","market_id":"TSX","broker_id":"79"},
{"time_stamp":"2018-07-01 16:06:30.839044","symbol":"MRIO","business_class":"OrderCancelResp","confirmation_type":"PriceAssigned","side":"Buy","volume":"346","price":"9.300000","market_order_id":"2MJQV_147","market_id":"TSX","broker_id":"79"},
{"time_stamp":"2018-07-01 16:06:30.839044","symbol":"ABX","business_class":"OrderCancelResp","confirmation_type":"PriceAssigned","side":"Buy","volume":"444","price":"8.720000","market_order_id":"2MJQV_131","market_id":"TSX","broker_id":"79"},
{"time_stamp":"2018-07-01 16:06:30.839044","symbol":"BAP","business_class":"OrderCancelResp","confirmation_type":"Canceled","side":"Sell","volume":"307","price":"14.030000","market_order_id":"2MJQV_126","market_id":"TSX","broker_id":"79"},
